2250 3659
173 230 725 349 THUCYD.1V.4n.-4t.
787 269 862 356 109

74 375 118 449 uis
130 370 308 471 promiffio,
322 370 473 465 quamvis
488 366 603 445 fuisset
618 370 743 473 insana,
754 382 868 473 tamen

72 487 216 562 effessum
231 485 279 561 est
294 481 511 585 consequuta.
539 510 618 558 nam
637 488 726 559 intra
747 488 870 590 viginti

69 605 135 676 dies
148 594 445 703 (quemadmodum
459 598 673 699 promiserat)
688 600 800 700 hostes
815 604 872 699 ad·

70 718 169 790 duxit.
346 808 350 817 .
389 806 392 813 ,

121 847 185 927 40.
214 828 298 903 Hoc
317 849 431 902 autem
451 829 615 914 omnium,
642 840 729 926 quae
749 831 784 903 in
803 832 871 906 hoc

68 946 156 1017 bello
168 946 401 1041 contigerunt,
422 945 566 1016 maxime
585 965 721 1038 praeter
736 943 871 1074 opinio-

68 1076 141 1131 nem
151 1058 436 1131 Graecisaccidit.
450 1056 795 1161 Existimabantenim
805 1058 872 1131 La'·

71 1156 300 1247 cedaemonios
320 1196 382 1275 nec
398 1171 499 1261 fame,
520 1196 583 1244 nec
598 1172 667 1244 ulla
681 1152 872 1273 necessitate

69 1268 267 1384 compulsos,
288 1310 381 1357 arma
401 1266 605 1359 tradituros.
633 1307 666 1358 at
686 1288 770 1384 haec
789 1287 871 1359 reti·

68 1412 195 1485 nentes,
221 1422 256 1473 et
277 1401 389 1494 quoad
412 1394 543 1493 possent
557 1379 764 1484 dimicantes,
780 1412 872 1475 mot·

70 1532 132 1588 tem
145 1510 379 1610 'oppetituroa
409 1528 472 1585 nec
493 1500 614 1586 adduci
638 1536 807 1617 poterant,
831 1536 872 1591 ut

70 1624 258 1714 crederent,
278 1629 366 1711 illos,
391 1628 450 1722 qui
476 1626 697 1713 tradidissent,
719 1630 784 1701 illis
804 1626 872 1705 effe

69 1743 196 1851 smiles,
219 1742 278 1837 qui
303 1740 504 1815 cecidissent.
538 1722 658 1816 Postea
679 1768 773 1827 vero,
794 1768 872 1846 cum

71 1842 204 1987 quidam
223 1854 480 1928 Atheniensium
504 1854 612 1928 socius
638 1860 805 1987 quendam
829 1873 874 1930 ex

71 1972 206 2067 captivis
218 1996 261 2043 ex
271 1966 442 2041 insusaA
444 1970 546 2041 henas
556 1970 693 2055 delatas,
702 1992 740 2043 ut
752 1972 783 2044 ei
794 1974 873 2045 cum

42 2068 284 2161 'insultatione
304 2066 491 2157 dolonem
482 2108 647 2170 muneret,
669 2084 874 2201 interrogas·

71 2200 125 2284 est,
138 2192 302 2309 nunquid
316 2198 378 2281 illi,
394 2200 452 2293 qui
468 2222 511 2271 ex
525 2198 599 2293 ipss
612 2210 755 2273 mortein'
753 2212 873 2302 oppe-

72 2300 206 2397 tiiffent,
219 2308 364 2394 honesti,
375 2309 597 2415 fortesque
566 2336 628 2383 mn
620 2292 801 2386 fuissent.
793 2314 873 2387 hic

72 2428 125 2522 ipsi
149 2425 341 2522 respondit,
368 2428 480 2531 magni
504 2424 657 2529 profesto
681 2408 874 2502 faciendum

72 2540 132 2616 esse
145 2542 298 2615 atrasion
319 2526 495 2635 (sagittam
509 2539 724 2643 intelligenu)
742 2540 815 2611 fi
784 2548 874 2616 var'os

72 2654 175 2731 sortes
191 2642 267 2727 ab
253 2652 389 2767 agnavis
409 2648 641 2750 dignosceret:
655 2654 817 2726 indicans
838 2682 874 2728 e·
942 2678 945 2685 ·

75 2794 106 2842 os
108 2772 190 2867 ,qni
207 2772 243 2842 in
258 2758 385 2864 lapides
400 2792 437 2841 ac
452 2768 587 2865 sagittas
603 2744 817 2876 incidissent,-
817 2784 876 2848 occ

73 2882 229 2959 cubuisse.

125 3025 191 3095 41.
221 2996 312 3069 Cum
325 3018 439 3070 autem
453 2998 597 3105 captim
567 2989 753 3067 Athenas
772 2945 875 3067 delati

77 3106 221 3195 fuissent,
241 3092 437 3184 Atheniens
419 3109 467 3183 ses
487 3135 546 3201 eos
559 3111 595 3182 in
615 3090 758 3183 niciensis
777 3106 876 3181 affer·
954 3138 958 3151 ¹

78 3246 150 3301 vare
164 3229 404 3311 decreverunt,
422 3227 531 3299 donec
551 3213 699 3321 aliquam
717 3222 877 3321 composi
