2250 3659
264 273 729 379 'rnuc‘YnJvan
846 308 892 385 37

86 430 163 489 tum
177 411 258 487 reia
276 410 448 496 fecerunt,
469 425 507 484 ut
513 424 719 511 pugnarent,
737 409 761 483 ii
779 434 898 488 eontra

86 527 174 602 sein
190 545 348 623 apertum
369 548 461 599 mare
483 526 601 598 venire
624 524 820 600 roiuiffent:
848 528 896 602 fin

86 643 216 726 minus,
227 660 267 713 nt
281 639 339 733 ipii
354 638 390 711 in
397 652 528 737 portum
543 639 816 734 ingrederentur.
835 641 894 717 Illi

87 777 174 827 vero
199 778 264 827 nec
287 751 420 827 obviam
443 750 518 846 ipfis
539 752 576 823 in
599 750 705 826 altum
728 753 895 849 proceffe·

84 890 184 952 runt,
201 892 326 962 neque,
341 866 624 963 quemadmodum
638 862 894 955 constituerant,

83 1002 211 1077 portus
231 980 314 1053 ostia
333 979 593 1053 obstruxerunt:
622 976 679 1053 sed
700 980 735 1051 in
755 1002 845 1053 terra
859 982 895 1055 se

81 1096 317 1178 continentes,
325 1118 424 1168 naves
433 1093 659 1190 complebant,
668 1092 770 1189 seque
783 1097 826 1167 ad
839 1120 894 1169 na-

82 1209 162 1282 vale
178 1208 351 1303 proelium
365 1208 400 1279 in
414 1226 517 1303 portu
532 1232 602 1279 non
620 1230 727 1304 parve
740 1210 894 1295 murmir-

83 1324 232 1397 tendum
246 1322 420 1417 parabant,
436 1322 536 1415 liquis
550 1323 683 1416 ingredi
699 1320 866 1397 voiuiiset.

147 1462 213 1533 14.
233 1433 461 1509 Athenienses
476 1458 557 1507 vero
572 1434 635 1509 hac
648 1460 687 1510 re
700 1437 836 1532 cognita
850 1436 895 1510 ab

83 1571 242 1645 utroque
255 1570 373 1645 portus
387 1548 472 1621 ostio
491 1546 736 1643 impteffionem
755 1552 790 1623 in
804 1548 894 1647 ipson

82 1662 268 1753 fecerunt3
288 1684 323 1735 et
341 1662 461 1736 investi
482 1662 519 1733 in
537 1663 729 1757 complures
744 1664 894 1760 ipsorum

81 1800 191 1852 naver
206 1802 226 1849 a
241 1796 333 1849 terta
342 1777 413 1874 jana
427 1794 590 1865 remotam
609 1799 644 1853 et
658 1777 799 1852 aduersu
812 1804 892 1875 pror·

82 1893 132 1965 ris
146 1889 339 1973 venientes,
359 1891 395 1963 in
414 1886 533 1985 fugem
545 1911 739 1981 retternut3
756 1914 793 1967 et
805 1892 892 1967 inse·

80 2005 202 2101 qunti,
226 2005 321 2098 quod
335 2004 438 2077 breve
457 2002 602 2099 spatium
615 2005 706 2080 inter
725 2030 783 2079 eoa
796 2004 892 2093 effet,

80 2119 212 2193 multas
227 2116 366 2212 quidem
380 2114 573 2213 fregerunt,
582 2118 734 2215 quinque
748 2144 892 2193 reroce·

80 2252 229 2329 petunt,
244 2250 280 2304 et
294 2232 415 2304 harum
428 2254 531 2303 unam
548 2254 628 2303 cum
646 2232 720 2327 ipfis
739 2234 835 2304 viris:
854 2234 890 2307 in

78 2364 239 2419 caeteras
254 2368 348 2429 uero,
358 2368 446 2441 quae
455 2346 498 2417 ad
512 2364 639 2417 terram
651 2344 890 2441 confugerant,
996 2351 1002 2363 '

80 2454 336 2555 impressionem
349 2454 516 2532 fecerunt.
534 2458 620 2531 aliae
633 2482 728 2541 vero,
741 2461 824 2532 dum
836 2462 892 2533 ad·

81 2575 159 2647 hue
172 2569 437 2655 instruerentur,
451 2592 631 2666 antequam
644 2574 681 2645 in
694 2573 802 2647 altum
815 2598 891 2669 pru

83 2688 312 2769 veherentur,
328 2686 372 2757 ab
381 2682 639 2781 Athenietfibus
647 2686 892 2779 lacerabantur,

84 2798 288 2873 Nonnullae
302 2800 416 2882 etiam,
431 2800 610 2895 exquibus
624 2801 779 2873 homines
791 2798 892 2884 aufus

85 2932 224 3009 gerant,
237 2910 316 3009 fitis
335 2912 479 2986 navibus
499 2912 695 3008 alligarunt,
718 2934 754 2988 et
772 2937 893 3008 vacuas

86 3045 281 3099 traxerunt.
299 3024 405 3123 Qrae
418 3024 661 3121 conspicientes
669 3024 893 3114 Lacedaemo·

86 3140 187 3269 uiuet
196 3138 325 3217 cladem
335 3136 430 3215 istam
440 3137 893 3239 aegerrimeferenter,quod
