2250 3659
197 242 250 319 14
359 206 859 305 THUCYDsIV0607.
984 314 989 322 .

193 365 266 445 que
278 341 421 431 naribus
435 341 483 412 ibi
500 341 728 436 reliquerunt,
744 345 828 417 otei
845 331 1017 438 praefidio

191 452 296 543 effer:
317 478 351 531 at
365 480 445 531 cum
459 457 615 539 caeteris,
630 482 779 551 quorum
793 484 957 533 uumerus
972 487 1014 535 e··

188 596 247 658 ‚rat
262 575 382 673 major,
402 570 539 647 cursum
553 572 589 647 iu
606 572 794 669 Corcyram
808 596 843 648 et
858 575 1016 651 Siciliam

193 690 376 787 urgebant.

254 923 288 993 6.
309 912 359 993 At
373 909 609 1011 Peloponnefii
623 916 682 1011 qui
703 916 739 989 iu
760 912 876 989 Attica
896 938 1010 1013 erant,

193 1052 335 1128 accepto
349 1032 472 1105 nuntio
486 1033 530 1104 de
544 1028 632 1127 Pylo
645 1052 755 1125 capta,
766 1034 906 1105 domum
920 1030 1012 1106 cele-

193 1151 280 1224 riter
295 1148 328 1223 se
344 1166 557 1243 receperunt.
578 1144 841 1219 Lacedaemonii
857 1147 960 1230 enim,
971 1169 1011 1221 et

192 1264 282 1361 Agis
297 1252 453 1359 ipsorum·
464 1261 553 1344 Rex,
574 1261 725 1356 idquod
746 1258 835 1357 Pylo
850 1264 1009 1357 contige·

194 1398 260 1462 rat,
276 1375 363 1451 adse
377 1374 581 1471 potiffrmum
592 1377 765 1469 pertinere
774 1378 954 1449 ducebant.
969 1377 1010 1451 so

156 1576 160 1581 ,
190 1493 266 1568 mul
281 1493 383 1581 etiam
397 1491 475 1585 quia
489 1512 703 1583 praemature
713 1492 941 1585 irruptionem
954 1491 1009 1566 fc·

191 1626 322 1704 serant,
356 1626 390 1678 et
419 1603 596 1680 frumento
623 1607 736 1679 adhuc
757 1606 858 1678 viridi
888 1608 1009 1681 multis

190 1741 399 1809 commeatus
413 1722 543 1801 deerat.
558 1718 739 1795 Praeterea
753 1719 867 1816 frigus
879 1722 1008 1807 scrius,

190 1862 295 1936 quarn
311 1836 395 1909 illud
415 1835 494 1917 anni
515 1852 648 1930 tempus
667 1833 792 1920 ferret,
814 1838 1007 1911 exercitum

187 1939 313 2051 preffitr
343 1950 467 2051 Qrare
483 1950 598 2032 multis
612 1948 656 2023 de
670 1951 773 2023 causis
786 1952 946 2047 contigit<
962 1946 1007 2025 ut

189 2062 241 2143 illi
257 2068 402 2141 celerius
417 2064 451 2139 se
467 2065 672 2159 receperint,
687 2086 722 2139 et
737 2067 773 2137 in
788 2067 851 2137 hac
866 2066 1007 2162 expedi·

191 2184 286 2263 tlone
315 2182 498 2253 minimum
519 2180 718 2253 commorati
748 2179 891 2254 fuerint.
924 2206 1006 2257 nam

190 2296 386 2394 quindecim
400 2297 472 2369 dies
487 2296 521 2368 in
537 2294 655 2370 Attica
669 2294 875 2371 manserunt.

191 2586 194 2593 .
247 2548 285 2614 7.
313 2522 381 2599 Per
395 2526 486 2599 idern
501 2543 635 2620 tempus
650 2525 841 2599 Simonides
856 2509 1005 2599 Atheni-²

188 2641 316 2718 ensium
335 2640 419 2725 dur,
445 2642 557 2716 condia
579 2666 764 2736 paucorum
785 2638 1006 2714 Athenienfia

188 2776 261 2840 um,
283 2749 342 2851 qui
359 2751 393 2827 in
410 2756 580 2849 praesidiis
595 2778 704 2841 erant,
727 2777 763 2829 et
777 2780 899 2851 magna
914 2755 1003 2826 soei·

188 2893 289 2949 orum
305 2872 375 2942 illic
385 2870 613 2943 habitantium
623 2870 904 2954 manu,Eionem‚
914 2891 1006 2965 quae

187 2983 236 3059 est
252 2986 287 3057 in
304 2975 470 3070 Thracia,
486 2986 738 3061 Mendaeorum
752 2986 933 3068 coloniam,
945 2982 1006 3059 sed

188 3091 442 3196 Athenierfium
457 3098 590 3175 hostem
611 3122 675 3197 per
696 3101 924 3197 proditionem
945 3123 1005 3173 oc·

188 3218 338 3318 cppavrr.
364 3239 444 3303 cum
457 3236 575 3297 aurern
597 3209 840 3297 Chalcidenses
861 3237 898 3294 et
919 3214 1006 3295 Bot-
