2250 3659
224 220 693 315 ‘ritueuntuxt
807 257 857 345 33

70 450 73 461 ‚
123 376 178 435 tr.
197 360 315 461 Atque
329 363 399 460 ipse
418 365 557 461 quidem
575 364 628 436 his
647 362 758 437 verbis
772 366 857 448 aiios

66 466 246 573 instigabat,
265 498 301 551 et
318 504 397 551 cum
409 478 506 551 suum
520 478 782 575 gubernatorem
793 505 856 553 na⁴

67 611 134 661 rem
147 589 182 665 in
196 591 294 664 littus
309 594 499 689 impingere
514 588 686 687 co'e'gisset,
705 594 856 667 adnavit

67 724 194 794 pontem
207 708 368 800 perrexit.
387 729 422 781 et
436 703 639 781 descendere
652 708 855 791 conatna,ah

66 804 855 919 Athenienfibnsestrejesiuuinuitisqueruine⁴

65 926 149 1002 ribus
162 931 340 1017 sauciatus,
355 932 457 1006 animi
471 934 659 1027 deliquium
671 930 781 1027 passus
791 932 853 1019 esi,

62 1066 162 1139 eoque
172 1045 321 1141 collapso
331 1048 366 1119 in
375 1046 461 1121 illud
472 1046 627 1142 spatium,
639 1048 732 1141 quod
742 1044 790 1119 est
804 1047 855 1121 in·

64 1172 109 1229 ter
123 1158 211 1253 ipsos
227 1162 370 1256 remiges
385 1180 419 1233 et
429 1166 577 1255 protriti,
587 1160 729 1255 clypeus.
736 1160 807 1258 ejus
816 1162 852 1234 in

64 1284 144 1345 nare
156 1274 296 1347 decidit.
315 1294 392 1347 curn
403 1294 516 1347 autem
531 1275 566 1347 in
581 1284 707 1347 terrani
720 1272 852 1347 delatut

63 1380 177 1471 hisee
208 1385 435 1461 Athenienses
459 1390 536 1461 enrh
561 1386 792 1483 susceperunt,
815 1408 851 1462 et
910 1394 913 1399 ’

63 1496 163 1591 postea
183 1502 221 1573 in
241 1502 406 1597 trophaeo
425 1500 501 1574 sunt
520 1500 579 1584 uh,-
599 1504 852 1597 quodpropter

63 1612 223 1686 tiiioriam
237 1638 280 1687 ex
293 1616 357 1687 hac
371 1611 505 1711 hostium
515 1617 768 1711 oppugnatione
777 1640 852 1710 pato

64 1742 121 1797 tarn
133 1749 328 1801 erexerunt
343 1728 478 1801 Caeteri
488 1753 571 1802 vero
580 1753 699 1823 magna
712 1731 851 1826 quidem

62 1840 150 1911 animi
160 1842 335 1915 alacritate
344 1841 546 1916 e'xsce'ndere
555 1840 778 1915 conabanturz
792 1842 851 1916 sed

63 1972 120 2025 non
129 1976 299 2049 poterant,
308 1980 385 2028 cum
395 1977 535 2052 propter
544 1957 699 2030 locorum
707 1954 850 2030 diffieui·

62 2078 163 2152 tatem,
196 2089 273 2141 tum
298 2070 399 2143 etiam
425 2090 566 2167 propter
591 2068 850 2145 Atheniensium

62 2180 284 2271 praesentiam,
295 2185 354 2279 qui
369 2182 515 2257 hostium
529 2182 773 2279 impteffionem
783 2184 850 2257 sua·

63 2292 215 2381 tinebant,
225 2310 336 2392 neque
346 2296 422 2371 loco
432 2298 604 2371 cedeban'u
619 2296 725 2371 Tunc
734 2318 848 2373 autent

62 2424 139 2480 tanta
154 2408 315 2487 fortunae
329 2412 545 2485 commutatio
563 2408 648 2483 iada
662 2410 722 2494 est,
742 2433 781 2483 ut
795 2410 847 2484 A·

62 2519 241 2599 thenienses
254 2526 404 2621 quidem,
414 2536 458 2601 e'x
471 2546 574 2611 terra,
583 2540 690 2619 eaque
703 2524 846 2599 Luconi⁴

61 2655 101 2718 ca,
121 2636 406 2717 Lacedaemonios
423 2640 564 2713 naribus
582 2636 710 2712 infestis
728 2659 846 2712 contra

62 2743 89 2819 se
104 2754 290 2839 venientes)
309 2752 559 2851 propulsarent3
585 2750 846 2826 Lacedaemonii

63 2881 146 2948 tero,
172 2868 382 2952 exnaribus,
402 2882 437 2941 et
452 2869 486 2940 in
501 2866 597 2939 suum
611 2890 743 2961 agrum,
762 2883 846 2939 tunc

63 2970 219 3064 hostilem,
252 3001 369 3054 contra
394 2980 619 3055 Athenienses
643 2980 854 3053 descendere

63 3106 265 3167 conarentur.
278 3094 406 3189 Ingens
421 3096 510 3169 enim
521 3095 649 3190 gloriae
660 3091 795 3166 accessio
804 3109 849 3165 e'n

64 3215 204 3297 tenpore
217 3206 301 3281 satta
315 3207 376 3295 est,
396 3209 450 3283 hia
463 3210 614 3305 quidem,
632 3208 725 3305 qnod
744 3207 847 3281 maxi·

29 3374 31 3393 t
113 3340 214 3395 rou.
228 3326 286 3397 tri
472 3320 503 3399 C
