2250 3659
194 258 579 339 THUCYMV.
599 264 663 363 38:
763 286 840 361 103

62 400 113 479 rus,
133 395 190 489 qni
209 395 401 489 legitimum
415 392 600 485 'imperium
618 390 803 479 obtineret,
822 394 848 469 ss

62 512 129 605 quid
137 508 336 581 humanitus
353 502 613 600 ipfisaceidiffet.
625 504 782 601 Styphon
792 533 850 581 au,

62 646 129 706 tem,
144 624 252 717 etqui
267 646 345 693 cum
360 644 402 692 eo
417 640 525 702 erant,
540 620 714 704 dixerunt,
729 621 763 695 se
777 624 849 697 vel·

62 738 88 809 le
98 764 151 831 per
164 758 348 831 praecones
358 758 460 829 agere
474 758 551 808 curn
561 732 850 823 Lacedaemoniis,

59 854 110 945 qui
124 852 166 927 in
171 851 373 927 continente
379 869 487 932 erant,
498 848 647 943 quidfibi
658 847 852 925 faciendum

61 962 141 1039 esset.
169 969 260 1043 Cum
269 983 381 1037 antem
397 962 625 1037 Athenrenses
638 964 771 1037 nullum
780 992 855 1062 quo

63 1082 128 1153 dem
141 1080 280 1153 illorum
294 1076 459 1172 proficisci
474 1074 702 1170 permififfent‚
725 1077 782 1152 sed
795 1080 856 1176 ipfi

62 1194 303 1265 excont'inente
321 1193 557 1264 caduceatores
582 1188 796 1282 evocaffente
819 1216 855 1268 et

63 1306 117 1391 bis,
126 1329 220 1381 terve
230 1303 486 1379 Lacedaemonii
488 1304 568 1403 ficos
578 1304 856 1402 interrogaffentt

65 1420 255 1514 postremus
278 1420 337 1513 qui
358 1444 376 1489 a
395 1417 669 1497 Lacedaemoniis
688 1447 731 1494 ex
749 1425 859 1497 conti·

65 1544 156 1609 n'e'nt'e
168 1532 283 1615 miffus
293 1536 344 1608 fad
359 1542 415 1605 eos
430 1534 613 1629 navigavit,
637 1535 718 1609 haec
733 1562 859 1611 rennn-

64 1650 168 1733 navit,
182 1647 469 1737 Lacedaemonios
478 1649 603 1746 jubere
623 1674 682 1724 ros
700 1652 747 1723 ita
764 1654 860 1727 robis

69 1762 131 1857 ipfis
144 1761 333 1845 consulere,
349 1782 388 1833 ut
402 1760 535 1837 nullum
549 1764 694 1837 dedecus
709 1767 861 1839 admitta-

70 1877 114 1949 tis.
131 1876 189 1951 Illi
205 1902 299 1961 vem,
314 1874 451 1951 confilio
464 1876 554 1949 inter
568 1876 602 1949 se
617 1878 715 1964 inito,
725 1904 816 1951 arma
825 1901 861 1955 et

70 1990 98 2063 se
111 1991 195 2086 ipsos
209 1991 423 2079 dediderunt,
451 1990 555 2065 Illum
574 2011 687 2066 autem
705 1994 863 2078 diem‚·et

64 2107 192 2187 :nostem
206 2104 437 2199 insequentem
451 2103 676 2179 Athenienses
685 2130 743 2179 eos
756 2107 793 2181 in
806 2132 863 2181 cu·

71 2216 167 2291 stodia
181 2240 377 2297 tenuerunt.
404 2216 570 2293 Postridie
583 2219 865 2299 veroAthenien·

68 2332 116 2404 -ses
128 2335 277 2429 quidem,
293 2332 463 2429 trophaeo·
472 2334 507 2405 in
522 2332 629 2423 insule
642 2332 779 2421 statuto,
793 2361 866 2411 cao

74 2465 139 2517 tera
157 2434 198 2521 nd
217 2448 467 2543 navigationem
485 2446 659 2544 neceffaria
683 2472 865 2544 pararunt,

71 2580 108 2631 et
120 2565 264 2657 captivos
279 2561 472 2639 trierarchis
487 2558 696 2637 afferrandos
710 2562 866 2637 distribu-

79 2690 180 2748 erunt.
194 2676 454 2749 Lacedaemonii
464 2674 662 2760 vere-misso
672 2679 866 2754 caduceato

73 2810 125 2873 re,
145 2789 282 2871 suorum
295 2790 455 2879 cadavera
470 2812 683 2889 receperunt.
711 2791 789 2885 Tor
807 2817 867 2884 aus
