2250 3659
283 274 674 357 Tnucrnm.
698 268 732 384 31
818 298 822 306 ·
889 308 913 384 9

95 408 361 489 infestabantur.
380 431 416 483 et
426 406 751 506 Peloponnefiornm
765 408 918 509 sexagin-

99 551 136 603 ta
156 550 261 601 naves
281 526 364 597 illuc
382 525 638 620 navigaverant,
667 548 709 598 ut
727 552 829 621 opem
848 529 917 602 illis

101 644 251 724 ferrent,
276 640 337 735 qui
362 639 398 711 in
422 659 538 711 monte
559 658 675 730 crant;
694 641 790 714 fimul
815 644 918 722 etiam

103 760 199 854 quod
215 775 357 850 propter
371 755 548 849 ingentem
562 752 699 842 famem,
720 781 787 852 qua
802 758 919 859 Corcy-

103 896 257 946 raeorum
275 870 392 940 civitas
411 868 599 951 laborabat,
619 871 761 944 resilias
777 872 921 949 insuam

105 983 310 1083 potestatem
330 981 431 1057 facile
461 984 633 1058 redactum
660 986 704 1059 iri
733 985 921 1080 sperarent.

103 1102 321 1177 Mandarunt
335 1098 437 1171 etiarn
450 1094 693 1181 Demostheni,
702 1101 761 1194 qui
778 1100 852 1195 post
867 1101 923 1175 su·

105 1242 169 1291 nm
189 1240 233 1287 ex
251 1212 444 1285 Acarnania
465 1213 615 1285 reditum
635 1214 738 1285 vitam
756 1216 923 1309 priuatam

104 1330 269 1426 degebat,
289 1328 357 1401 hoc
378 1325 487 1421 ipsum
501 1326 681 1423 flagitanti,
702 1350 742 1403 ut
762 1330 815 1403 his
828 1332 923 1406 navi·

107 1446 186 1544 bus,
201 1442 352 1528 fivellet,
364 1441 453 1515 circa
463 1438 738 1539 Peloponnesum
752 1466 921 1524 uteretur.

174 1700 208 1776 3.
237 1674 327 1747 Cum
346 1692 460 1747 autent
481 1674 571 1746 inter
591 1674 821 1771 navigandum
835 1700 855 1752 t
870 1700 925 1751 re·

110 1792 218 1887 gione
231 1790 305 1885 agri
321 1788 484 1863 Laconici
499 1785 652 1872 fuiffent,
673 1809 708 1863 et
722 1786 925 1885 accepiffent

111 1902 437 1999 Peloponnefiorum
456 1927 558 1975 naves
584 1906 627 1977 ad
647 1902 835 2001 Corcyram
854 1905 928 2003 jum

111 2014 292 2120 appuliffe,
303 2016 527 2114 Eurymedon
539 2018 680 2113 quidem
694 2038 729 2091 et
739 2018 929 2114 Sophocleo

100 2137 155 2211 ad
171 2134 359 2229 Corcyram
374 2134 516 2207 tendere
530 2134 771 2227 properabant.
798 2131 929 2207 Demu-

102 2248 253 2325 sthenes
268 2258 350 2323 'vero
361 2272 418 2322 eos
429 2247 644 2330 hortabatur,
655 2266 695 2323 ut
705 2248 854 2341 primum
862 2244 929 2345 Py·
947 2308 953 2319 .

111 2365 187 2437 lum
195 2363 420 2459 appellerent,
429 2362 565 2444 deinde,
573 2363 715 2456 perastis
726 2364 930 2457 rebus,quae
948 2422 952 2429 .

111 2478 332 2574 peragendae
343 2474 695 2573 effent,navigationis
705 2475 839 2551 cursum
851 2502 930 2550 con·

112 2593 270 2667 ficerent.
299 2588 375 2675 Illis
394 2616 477 2665 vero
497 2591 820 2675 contradicentibus,
836 2590 930 2666 forte

101 2706 266 2787 ‚fortuna
275 2702 452 2801 tempestas
467 2726 586 2779 exorta
596 2702 729 2778 claffern
739 2702 864 2801 Pylum
873 2708 930 2785 de·

103 2822 209 2897 tulit.
227 2818 480 2899 Demosthenes
494 2838 609 2893 autem
624 2818 818 2915 postulavit,
830 2841 869 2898 ut
883 2821 932 2893 lo·
988 2879 992 2883 .

113 2961 176 3016 cus
192 2936 252 3012 iile
266 2932 446 3009 confestim
461 2934 664 3013 muniretur.
687 2934 766 3016 ,Hau
781 2936 873 3012 enirn
887 2936 932 3009 de
1002 2996 1006 3000 .

114 3049 215 3132 causa
235 3048 270 3123 se
289 3074 368 3121 cum
387 3050 453 3122 illis
473 3045 643 3145 navigasse
667 3048 813 3129 dicebat.
855 3049 931 3123 De·

103 3162 326 3250 monstrabat
345 3183 472 3251 autern,
493 3188 651 3263 magnam
670 3162 738 3247 effe
756 3164 933 3264 lignorum
1012 3242 1015 3245 ,
