2250 3659
183 282 209 357 6
366 264 808 352 THUCYDJM
987 276 997 307 ¹

181 408 270 507 ipsos
286 429 392 484 erant.
424 408 601 504 Rhegium
621 409 712 481 enim
722 405 928 507 jampridem
947 404 1004 483 se·

182 525 370 615 ditionibus
386 522 591 619 agitabatur,
602 548 665 596 nec
680 523 716 595 in
732 522 918 617 praesentia
931 520 1005 594 Lo·

184 666 260 715 cros
276 663 392 711 arcere
409 658 558 733 poterat:
579 663 650 733 quo
661 639 763 711 etiam
774 638 880 733 magis
897 636 1003 736 ipfiem

118 751 121 757 ’
185 752 291 835 Locri
301 752 508 848 premebant.
520 752 626 823 Locri
637 750 901 833 autem,vastat0
911 750 1006 824 Rhe·

181 869 333 973 ginorum
344 892 440 963 agro,
453 892 531 939 cum
545 867 697 961 peditatu
711 866 849 961 quidem
861 868 1006 939 domum

188 985 389 1059 redieruntr
421 1007 523 1054 naves
542 1007 625 1053 vero
645 980 820 1053 Meffanae
840 982 1008 1075 praesidio
1043 1046 1047 1049 ,

188 1097 434 1175 remanserunt.
465 1119 499 1170 et
514 1096 611 1179 aliae,
631 1121 720 1191 quae
736 1094 1005 1183 instruebantur,

189 1241 233 1289 eo
249 1234 425 1295 venturae,
437 1212 552 1307 ibique
568 1208 672 1283 castra
684 1209 800 1303 [iativa
811 1210 1007 1308 habiturae,

191 1352 227 1405 et
242 1330 371 1404 bellurn
387 1328 481 1405 illinc
496 1324 654 1423 gesturae
669 1313 777 1404 erant.
949 1319 953 1323 ’

254 1584 288 1635 a,
309 1556 381 1631 Sub
396 1557 514 1629 eadem
530 1556 619 1648 vetis
638 1574 804 1650 tempora,
826 1576 1009 1649 antequam

193 1672 367 1747 frumenta
389 1669 494 1744 effent
514 1692 658 1753 matura,
679 1653 928 1765 Peloponnesri,
949 1696 1011 1741 eo·

197 1814 342 1883 rumque
359 1787 438 1860 socii
455 1787 682 1881 irruptionem
697 1786 732 1858 in
749 1786 899 1863 Atticam
916 1783 1011 1857 fece·

194 1924 285 1977 runt.
322 1903 387 1974 illis
402 1922 515 1978 autem
532 1922 687 1997 praeerat
704 1901 790 1995 Agis
809 1901 1010 2002 ⁴archidami.

184 2018 301 2120 filius,
313 2018 662 2091 Lacedaemoniorum
675 2013 769 2093 Rex:
786 2037 820 2087 et
831 2015 947 2088 stativa
959 2014 1013 2103 ibi

197 2134 361 2206 habentes
372 2158 491 2228 agrum
503 2132 764 2225 populabantur.
780 2127 1012 2204 Athenienses

197 2274 282 2321 vero
298 2249 370 2320 illas
385 2249 609 2342 quadraginta
625 2271 739 2327 naves,
749 2270 833 2341 quas
844 2243 1012 2319 instruxe÷

198 2385 287 2445 rant,
304 2364 338 2433 in
355 2362 502 2433 Siciliam
523 2361 699 2445 miserunt,
715 2345 755 2433 et
776 2362 926 2455 reliquos
945 2361 1013 2434 du-

198 2502 266 2559 ces,
288 2476 596 2579 Eurymedontem,
618 2497 653 2549 et
668 2476 886 2571 Sophoclem.
916 2474 1015 2549 Nam
1082 2496 1087 2505 ·

197 2590 431 2687 Pythodorus,
451 2592 510 2686 qui
527 2616 605 2662 curn
620 2591 686 2662 iliis
701 2592 825 2662 tertius
839 2610 913 2670 erat
927 2592 1014 2673 duat,

200 2710 234 2780 in
251 2706 398 2778 Siciliam
407 2702 481 2804 jam*
498 2728 577 2778 ante
597 2702 768 2800 profeftus
788 2703 914 2777 fuerat.
943 2702 1016 2777 His

199 2845 313 2894 autem
327 2816 554 2915 imperarunt,
572 2842 611 2896 ut
632 2822 666 2892 in
688 2821 831 2896 transitu
852 2840 1016 2892 curarent

202 2962 256 3011 res
268 2936 621 3031 Corcyraeorumqui
637 2938 671 3010 in
683 2937 770 3009 urbe
780 2955 889 3016 erant,
900 2935 959 3028 qui
971 2933 1019 3003 ia·

203 3052 355 3125 trociniis
374 3052 416 3127 ab
431 3050 604 3127 exsulibus
618 3050 654 3125 in
674 3072 791 3125 monte
810 3049 1018 3147 degentibus
