2250 3659
262 230 754 313 structurum.
828 262 905 341 309

101 374 115 407 ‘
133 362 322 451 honestius,
342 384 401 437 aut
409 363 534 465 justius
548 366 601 439 his
620 352 686 439 effe
700 364 795 439 robis
814 370 906 443 tide·

99 490 111 520 ‘
133 499 203 562 tur,
214 477 502 554 Lacedaemonem
515 474 797 576 profeeiidocete.
816 482 904 559 nihil

98 604 111 633 ‘
131 594 225 666 enim
238 617 370 678 eorum,
384 592 570 692 quaejusta
585 591 651 668 effe
664 592 902 669 demonstrari-

96 717 110 748 ‘
130 707 187 791 ris,
198 726 257 778 aut
269 706 541 791 Lacedaemonii,
551 728 610 781 aut
624 732 743 781 eorum
753 707 831 781 socii
846 735 901 784 re-

95 831 108 865 ‘
128 820 305 894 curabunt.
343 819 421 919 Qui
441 841 555 895 autem
576 848 610 895 eo
630 821 899 917 proficiscentur,

95 945 108 975 ‘
128 932 386 1028 proficiscantur
400 957 477 1006 cum
495 934 645 1031 absoluta
659 933 709 1007 rei
723 934 899 1011 arbitratu

94 1058 106 1089 ‘
114 1048 181 1145 fito
201 1045 439 1149 transigendae
459 1049 652 1132 autoritate,
681 1051 899 1143 quemadmo·

91 1171 105 1207 ⁴
124 1164 209 1234 dum
224 1184 282 1234 vos
295 1186 432 1257 quoque
446 1162 630 1255 nossactre
638 1162 776 1261 jubetis.
797 1162 897 1237 Haec

89 1284 103 1319 ‘
123 1296 238 1348 autem
256 1273 396 1349 foedera
414 1277 457 1348 ad
475 1298 601 1349 anuum
621 1274 804 1349 durabunt.
840 1270 894 1351 ita¹

89 1373 104 1448 ἒ
124 1388 254 1484 placuit
262 1390 401 1484 populo.
409 1388 588 1463 Senatores
598 1388 826 1463 Acamantidis
838 1394 896 1465 tri·

90 1514 103 1544 ‘
122 1504 188 1575 bus
200 1500 366 1599 Prytaneo
379 1522 487 1586 eraut,
506 1500 723 1599 Phaenippus
737 1504 843 1579 scriba
863 1514 895 1581 οὲ

88 1628 100 1661 ⁴
120 1638 189 1701 rat,
203 1616 366 1690 Niciades
377 1614 551 1710 Epistates.
570 1616 703 1692 Laches
718 1622 895 1715 pronunti·

89 1742 100 1773 ‘
119 1733 203 1815 avit,
223 1729 333 1829 Qrod
352 1729 438 1803 felix
455 1728 670 1829 faustumque
688 1733 726 1805 stt
746 1732 895 1807 Atheni·

86 1856 99 1888 ‘
119 1844 189 1919 enfi
203 1844 344 1940 populo,
354 1844 504 1917 inducias
513 1844 601 1928 fieri,
613 1868 715 1941 prout
725 1846 892 1921 Lacedae·

86 1959 241 2041 ‘monii
270 1982 457 2053 eorumque
480 1956 560 2031 iocii
585 1958 808 2033 consentiunt.
845 1958 892 2033 Εἰ
950 1962 951 1971 ’

84 2084 97 2116 ‘
111 2070 333 2173 magistratus
344 2072 494 2145 inducias
503 2074 629 2143 annuas
638 2069 704 2145 effe
711 2095 824 2145 coram
834 2099 892 2167 po·

83 2199 96 2229 ‘
117 2187 205 2283 pulo
219 2184 483 2282 spoponderunt.
513 2184 651 2259 Harum
669 2206 783 2259 autem
798 2187 891 2260 initi·

81 2312 95 2359 ‘-
117 2324 179 2373 um
191 2299 265 2373 fieri
281 2300 324 2371 ab
337 2301 403 2371 hoc
417 2300 486 2382 die,
496 2300 554 2392 qui
571 2296 618 2373 est
628 2298 776 2373 decimus
791 2326 890 2397 quar-

82 2426 94 2457 ‘
118 2435 176 2486 tus
199 2414 315 2487 mensls
332 2410 622 2508 Elaphebolionis.
651 2412 732 2486 Hoc
753 2415 890 2489 interim

55 2592 59 2595 ⁴
82 2541 94 2572 ‘
117 2550 272 2621 tempore
286 2548 511 2621 utrorumque
521 2525 662 2621 legatos,
678 2547 780 2622 atque
790 2532 889 2603 cadu-

79 2654 98 2689 ί
115 2662 282 2724 restores,
302 2640 447 2713 invicem
460 2641 636 2724 adeuntes,
659 2644 799 2713 traiiare
821 2634 889 2737 qua

81 2768 93 2798 ‘
117 2756 250 2827 ratione
263 2754 392 2827 bellum
405 2752 512 2826 sedari
526 2750 633 2849 possit.
648 2753 822 2831 Concione
832 2782 888 2829 au·

80 2881 94 2911 ‘
115 2889 187 2940 tem
201 2868 243 2939 ab
262 2860 521 2962 imperatoribus
540 2886 575 2939 et
593 2863 810 2941 Praetoribus
829 2871 888 2942 ad·

80 2994 92 3025 ⁴
113 3000 245 3066 vocata,
257 2982 403 3078 primum
413 2973 579 3077 populum
590 2978 832 3055 Atheniensem
843 2986 886 3079 de

448 3090 549 3195 Ua.

1097 2962 1099 3092 i
