2250 3659
255 278 337 354 15⁶
411 246 929 350 THUCY'D.1V.5‘9‘.'·

253 398 265 431 ‘
284 384 425 461 tentiam
439 382 1049 479 dicam,‘qnaeintotiusSiciliaecont·

254 513 391 575 ‘mune
418 499 547 571 bonum
566 500 693 595 optima
713 496 780 571 elle
806 500 891 571 mihi
918 502 1051 572 vidcmr.

256 628 266 657 ‘
288 616 342 688 A‘c
357 614 485 689 bellum
500 612 639 708 quidem
654 616 788 709 gerere,
797 615 901 708 quam
911 612 1007 687 tristis
1017 615 1053 685 lit
1097 627 1098 710 l

257 742 268 773 ‘
289 755 355 813 res,
371 754 433 799 cur
448 754 524 799 nam
538 730 615 821 quis
629 729 742 806 omnia
755 728 861 810 mala,
871 754 958 823 quae
972 730 1052 801 ineo
1097 725 1098 732 '

259 851 269 883 ‘
290 844 492 939 contingere
511 842 640 925 solent,
666 845 757 937 apud
776 844 933 915 homiues
952 868 1053 926 rerum
1098 911 1100 938 ,

259 969 274 1029 ⁴.
290 974 414 1055 gnaros
427 956 605 1053 colligens,
620 959 776 1030 oratione
790 959 923 1051 prolixa
936 953 1054 1033 utatur?
1098 962 1100 994 l

259 1082 270 1115 ‘
291 1075 408 1147 Nemo
423 1073 513 1147 enim
528 1094 586 1143 aut
602 1093 744 1167 propter
757 1071 943 1161 bellicorum
958 1072 1056 1151 incom-
1098 1075 1099 1164 l

260 1190 451 1263 ‘modorum
472 1187 675 1282 imperitiam
701 1186 892 1283 hocagere
915 1190 1054 1283 cogimr,
1098 1171 1099 1208 ³

262 1314 273 1345 ‘
294 1325 352 1376 aut
371 1326 465 1375 metu
485 1304 698 1384 deterretur;
728 1302 855 1397 liquid
874 1304 1012 1397 'amplius
1027 1296 1056 1372 le
1099 1369 1101 1405 Ι

262 1429 273 1460 ‘
293 1416 498 1512 adepturum
518 1415 641 1511 speret.
673 1414 732 1489 sed
750 1416 814 1487 usu
832 1418 940 1501 venit,
961 1416 1058 1489 uthis
1099 1408 1101 1508 J

263 1516 432 1626 “‘qnidem
449 1532 543 1603 lucra
558 1533 697 1629 majora,
718 1555 822 1625 quam
837 1532 991 1625 pericula
1003 1528 1059 1604 effe

262 1657 274 1749 f
295 1642 492 1719 videanturi
508 1645 557 1717 illi
573 1670 657 1718 vero
666 1648 811 1741 quodvis
821 1646 1003 1724 discrimen
1011 1648 1063 1718 ad·
1099 1637 1100 1712 l

264 1768 280 1802 ‘
296 1762 358 1845 ire,
370 1785 471 1857 quam
481 1761 584 1833 ullam
594 1748 759 1859 jacturam
772 1762 809 1833 in
823 1762 1010 1856 praeseutia
1021 1758 1059 1832 f-

265 1882 276 1915 ‘
296 1902 374 1949 cere
389 1875 516 1947 malint.
554 1874 622 1947 Sed
641 1875 748 1970 quum
767 1876 851 1947 haec
871 1876 941 1971 ipsa
961 1876 1061 1949 neutri

266 2000 277 2030 ‘
298 2012 492 2086 opportune
507 1987 651 2072 faciunt,
672 2004 751 2062 tunc
770 1992 1015 2065 admonitiones
1026 1992 1062 2063 de
1100 2027 1101 2116 p

267 2116 277 2145 ‘
299 2106 454 2178 facienda
475 2106 604 2200 gratiae
625 2104 902 2179 reconciliatione
917 2106 1062 2184 suntnti·
1100 2131 1101 2156 1

265 2230 282 2321 ξ·
299 2222 358 2293 les.
388 2222 458 2303 Id,=
476 2222 570 2313 quod
593 2220 693 2292 nobis
711 2221 814 2293 etiam
832 2221 868 2293 iu
888 2221 1063 2315 praesentia

266 2344 277 2377 ‘
299 2334 437 2429 plurimi
452 2332 647 2407 faciendum
665 2336 744 2418 erit,
764 2334 1003 2416 lixmonentibus
1017 2347 1064 2430 pa·

265 2458 278 2557 f
298 2474 442 2522 neamus.
457 2446 568 2547 Qud
583 2450 674 2520 enim
688 2450 924 2546 unusquisque
938 2452 1065 2551 nostrum

267 2572 279 2605 ‘
300 2560 366 2635 luis
382 2563 482 2635 rebus
497 2564 655 2657 privatim
670 2564 756 2637 bene
771 2563 951 2642 consulere
960 2568 1064 2647 vellet,

268 2689 279 2751 f
301 2677 428 2773 bellum
453 2679 708 2773 tuuc'primum
727 2677 958 2774 suscepimus:
987 2701 1066 2754 nunc

267 2804 383 2866 ‘vero
407 2792 497 2864 inter
521 2818 583 2864 nos
611 2780 831 2888 disceptando
860 2819 1001 2888 operam
1016 2797 1065 2866 de·

268 2919 280 2952 ‘
300 2932 386 2991 mus,
413 2927 452 2978 ut
473 2908 507 2978 in
525 2902 702 3000 ¹pristinam
721 2908 866 3003 gratiam
890 2913 1063 2985 redeamus.

268 3033 280 3067 ‘
300 3021 346 3093 Er
353 3019 671 3122 pifi'stic'celleritm't
681 3024 915 3119 unusquisque
927 3022 1064 3097 nostrum

269 3145 280 3177 ‘
301 3136 398 3206 suum
407 3136 464 3232 jus
475 3136 640 3218 obtineat,
651 3135 811 3231 atqueita
824 3138 907 3213 hinc
916 3133 1062 3217 discedat,

269 3258 281 3291 ⁴
301 3247 429 3320 iterum
443 3250 485 3321 ad
499 3273 591 3323 arma
606 3250 803 3325 redibimus.
