2250 3659
232 226 619 312 THU'CYDJV.
638 229 734 314 ιδοζ
803 247 885 320 261:

75 367 116 442 in·
129 363 283 451 illorum,
306 365 455 441 le'lcire
477 367 560 462 qnid
578 365 773 443 faciendum
791 341 888 445 clleo·

74 479 314 556 Existimantes
328 506 448 578 agrurn
463 481 636 576 Oropium
653 481 788 578 (inquo
799 510 883 558 con·

76 599 216 692 tigerat,
232 615 271 666 nt
285 595 424 668 illorum
437 595 573 680 milites,
593 619 708 692 pugna
727 598 762 668 in
776 599 882 671 confi·

74 706 336 793 incommista,
351 707 432 782 caeli
440 709 609 808 jacerent)
623 709 883 788 Atheniensium

73 825 216 920 quidem
230 819 308 906 effe,
327 825 421 918 quod
439 823 578 896 illorum
596 825 739 920 imperio
753 824 882 925 subjec-

77 960 132 1012 tns
146 935 247 1012 effet:
268 935 325 1010 sed
339 957 450 1010 nmen
465 935 553 1034 ipsos
571 961 755 1034 nunqnam,
776 939 810 1013 se
829 941 881 1014 in·

76 1051 321 1136 vitisinorum
334 1050 550 1124 cadaveribus
564 1047 743 1146 potituros.
760 1049 830 1126 Pro
843 1055 883 1127 il·

76 1167 192 1240 lo'rum
206 1163 320 1239 antem
334 1188 418 1260 agro
431 1166 541 1238 nullas
551 1166 701 1238 inducias
710 1166 883 1242 iaciendas
901 1177 906 1186 ’

76 1280 269 1356 censebant.
297 1273 392 1352 Illud
405 1303 488 1354 vero
502 1278 708 1374 responsum,
723 1307 783 1381 quo
796 1277 883 1355 dice·

78 1397 177 1480 bant,
200 1415 241 1467 ut
260 1392 479 1491 Athenierfis
498 1418 542 1468 cx
564 1394 625 1468 sno
647 1393 778 1469 Boeotio
802 1413 883 1500 agro'

78 1511 226 1593 abirent,
242 1527 277 1582 et
292 1508 483 1602 reciperent
497 1531 549 1594 ea,
568 1531 655 1603 qnae
670 1510 883 1606 repetebant,

75 1623 259 1700 honestum
274 1620 339 1696 elle
352 1623 527 1695 ducebant.
553 1619 813 1700 'Athenienfium
824 1647 884 1706 nni

77 1759 148 1814 tem
175 1733 376 1812 caduceator
402 1737 455 1810 his
474 1736 596 1810 auditis
616 1762 654 1817 rc
672 1737 796 1820 infesta
814 1741 882 1816 dis·

77 1851 183 1929 ceffit.
728 1875 731 1880 ·

140 1995 189 2043 no
198 1995 234 2040 o.
252 1966 298 2041 Et
311 1967 432 2042 Boeoti
448 1969 601 2065 protinus
615 1967 777 2042 accersitis
791 1993 833 2041 ex
846 1968 883 2040 li·

77 2109 126 2158 nu
146 2083 299 2157 Meliten
320 2083 564 2182 jaculatoribus
583 2103 618 2155 ec
637 2081 885 2168 funditoribus,

77 2224 159 2274 cum
172 2199 244 2270 diro
257 2221 394 2293 quoqne
408 2199 519 2292 gravis
533 2192 723 2272 armaturae
736 2191 883 2270 militum
986 2189 994 2211 “

76 2312 341 2387 Corinthiorum
360 2311 482 2394 millia,
512 2309 586 2405 post
605 2311 773 2406 proelium
792 2335 884 2394 corn·¹

77 2423 228 2509 millum,
243 2426 370 2498 auxilio
384 2425 458 2520 iplis
472 2423 648 2509 venillent,
664 2426 884 2522 etpraefidia·

78 2544 122 2614 rii
137 2537 461 2636 Peloponnesiorum
474 2539 610 2624 milites,
625 2541 684 2635 qui
700 2565 743 2612 ex
757 2538 886 2612 Nilaea

76 2657 125 2730 ab
142 2651 400 2748 Athenietfibus
409 2671 471 2752 per
485 2651 679 2726 deditionem
697 2667 799 2751 capta
816 2655 886 2725 dis·⁴

77 2765 258 2852 cellerant,
273 2789 309 2840 et
323 2765 542 2863 Megarenses
554 2791 623 2839 una
637 2761 714 2840 curn
729 2767 815 2862 ipfis,
829 2758 885 2840 adss

79 2881 198 2958 versus
212 2881 357 2954 Delium
370 2879 475 2954 castra
489 2902 683 2965 moverunt,
698 2901 733 2954 et
747 2881 887 2953 muniti-

77 2995 191 3071 onem
202 3019 403 3092 oppugnare
420 3014 631 3091 coeperunt:
665 3015 700 3068 et
722 3019 800 3067 cum
818 2994 907 3066 alio'

81 3111 346 3208 oppugnationis
365 3133 493 3206 genere
511 3107 583 3180 eain
601 3128 787 3196 tentarent;
814 3129 889 3180 rum

79 3225 186 3318 etiam
198 3223 400 3313 machinam,
420 3247 507 3322 quae
522 3246 598 3298 eam
610 3223 713 3322 cepit,
732 3223 888 3307 admove-

450 3337 570 3441 R3¹
