2250 3659
236 188 701 287 Tflucrnnvtu.
810 184 869 298 “45

65 336 85 373 ·‘
101 346 291 423 portarent.
310 322 386 396 Illis
396 346 478 397 vero
489 324 627 397 reverit
639 325 705 398 hae
719 324 876 403 induciae

74 442 224 516 ‘irritae
245 436 363 521 effent,
391 458 498 533 utque
521 436 748 513 Athenienses
764 438 878 515 Lace'·

76 567 87 597 ⁴
103 552 288 631 daemoniis
298 575 399 625 naves
409 552 573 650 ejusmodi
584 548 813 638 restituerent,
821 564 880 627 en·-

76 681 87 711 ‘
101 667 253 769 jusmodi
267 662 489 761 accepissent?
510 663 580 737 His
593 666 701 761 igitur
714 668 879 741 conditio·

76 784 174 855 nibus
183 776 463 861 induciomaro,
472 779 880 873 navetqnecircitersexa'·

76 898 170 993 ginta
185 894 343 976 traditae,
359 892 531 988 legatique
545 888 627 965 rniffi
647 890 801 967 fuerunt.
826 888 881 967 Hi

77 1030 202 1097 tutem,
212 1030 292 1081 cnm
301 1004 455 1079 Athenas
465 1001 796 1100 permitterentne
807 1016 881 1081 ter·

79 1124 118 1197 ba
133 1122 303 1201 fecerunt.

138 1374 204 1439 17⁴
234 1358 245 1391 ‘
265 1340 595 1423 Lnenntnntontr
616 1362 678 1421 nos
696 1342 765 1423 hnc'
784 1346 884 1425 mise'·

82 1476 94 1509 ‘
113 1486 208 1549 runt,
220 1460 458 1545 Athenienses,
469 1464 511 1535 ad
521 1462 774 1559 transigendum
782 1466 825 1537 de
835 1461 883 1536 vi·

85 1591 96 1621 ‘
115 1581 161 1652 ris
174 1578 256 1660 illis,
275 1577 335 1671 qni
353 1574 480 1649 suntin
499 1574 618 1661 insula,
638 1596 672 1648 et
691 1579 734 1651 od
747 1577 884 1673 persua-

86 1702 98 1735 ‘
115 1694 279 1775 dendum,
293 1690 456 1785 quicquid
470 1710 504 1762 et
518 1688 614 1763 vobio
626 1690 713 1764 utile
726 1688 775 1764 est
788 1690 886 1763 futu*

87 1817 99 1850 ‘
118 1832 207 1890 rum,
217 1816 253 1879 et
263 1804 360 1877 nobis
370 1792 464 1877 idem‘
469 1802 504 1877 in
513 1804 581 1875 hoe
589 1802 781 1877 calamitoso
794 1804 888 1889 casu}

88 1930 100 1963 ‘
118 1940 156 1993 nt
169 1921 205 1992 in
221 1916 388 2012 praesenti
398 1941 512 1989 rerum
521 1915 620 2000 statu,
630 1918 888 1992 decusmaxime

90 2044 101 2077 ‘
120 2030 167 2107 est
180 2034 374 2107 allaturum
402 2028 530 2125 Neque
548 2054 631 2105 vero
645 2032 835 2127 longiorem
848 2048 887 2104 0'·

91 2158 103 2188 ⁴
121 2146 287 2221 rationem
301 2164 435 2240 praeter
453 2145 592 2241 nostram
611 2142 888 2219 consuetudinem

93 2270 104 2301 ‘
121 2261 339 2337 htbebimnsz
359 2256 416 2331 ied
425 2258 503 2350 qnia
514 2258 660 2351 patrium
669 2258 766 2331 nobis
775 2256 824 2331 est
838 2258 888 2331 in‘·

94 2374 290 2455 ‘stitutum
308 2370 367 2445 ubi
382 2392 486 2465 pauca
500 2370 603 2445 verba
617 2368 799 2455 sufficiunt,
817 2385 888 2445 non

96 2500 107 2528 ‘
124 2490 174 2561 nti
188 2486 318 2569 multis,
333 2484 448 2557 rursus
460 2508 543 2559 vero
555 2484 710 2579 pluribus
724 2485 788 2570 nti,
803 2507 891 2579 qno¹⁴

96 2611 107 2643 ‘
123 2604 186 2676 ties
200 2621 333 2695 tempus
348 2598 506 2694 postulat,
528 2618 567 2671 ut
588 2598 698 2671 verbis
712 2601 894 2673 doceamur

97 2724 107 2757 ‘
123 2716 253 2809 aliquid
271 2736 402 2797 eorum,
428 2737 516 2808 quae
534 2736 657 2805 operae
676 2714 823 2805 pretinm
841 2711 892 2786 est

99 2834 109 2868 ‘
126 2823 249 2929 facere.
269 2824 368 2899 Haec
383 2846 495 2899 antem
509 2852 578 2899 non
588 2824 700 2898 hostili
716 2828 826 2898 animo
840 2840 893 2897 aea

102 2948 112 2979 ¹
129 2930 245 3039 cipite5
264 2964 376 3039 neque
386 2939 476 3037 quan
491 2964 607 3017 rernm
617 2940 753 3037 ignaros
763 2964 821 3017 tos
834 2942 893 3013 do·
