2250 3659
242 234 732 329 THUCYD.1V.126.
801 264 882 355 '33³3

82 385 290 461 ‘minarum
306 370 581 479 fignificationeni
600 380 712 453 habet.
741 378 808 455 Sed
828 366 892 455 hu'·

71 515 96 545 ⁴
108 497 263 598 jusmodi
277 495 418 568 homines
429 497 462 567 in
478 494 550 591 ipso
563 493 718 567 conflistu
734 494 893 570 adversis

86 627 99 660 ⁴
123 638 196 697 eos,
215 611 275 706 qui
295 635 348 683 res
368 606 589 705 istassortiter
608 606 782 693 sustinent,
802 602 894 685 haud

77 739 101 801 .‘
123 727 210 800 tales
229 724 263 796 se
277 722 456 819 praestant,
476 722 591 823 qualis
611 735 689 795 ante
707 718 894 823 congreffitriz

89 853 101 886 ‘
124 838 183 938 effe
196 838 408 911 videbantur.
436 836 525 908 Cum
544 837 634 913 enim
647 836 785 909 ⁴nullum
803 835 895 909 ordi-

90 969 103 998 ‘
118 978 206 1027 nem
220 952 377 1035 habeant,
402 950 588 1051 nullamque
608 948 785 1025 militarem
800 948 897 1047 disci-

92 1073 105 1111 '⁸
120 1066 255 1169 plinam
256 1067 405 1163 flavent,
416 1063 674 1159 haudquaquam
686 1088 742 1137 eos
757 1058 898 1158 pu'debit

84 1195 107 1241 -‘
128 1184 244 1257 locum
257 1178 457 1262 deserere‚s1
473 1180 516 1250 ab
532 1176 675 1275 hostibus
690 1174 898 1273 premantui.

96 1295 178 1369 ‘.Et
202 1320 279 1367 cum
298 1292 381 1388 fuga
409 1317 516 1388 aeque
534 1290 674 1363 honesta
688 1312 734 1373 -et
753 1276 899 1386 gloriosa

97 1420 111 1454 ¹
131 1410 206 1505 ipfis
215 1410 370 1481 videatur
380 1427 481 1501 atque
492 1404 627 1502 hostium
636 1402 810 1499 aggreffiO,
825 1400 900 1477 nui·

99 1536 112 1566 ‘
132 1524 205 1595 lum
219 1522 320 1593 etiam
334 1518 545 1596 fortitudinis
558 1542 698 1591 examen
712 1520 807 1617 apud
819 1516 901 1617 ipsos

100 1648 113 1681 ‘
133 1637 309 1709 habeatur.
327 1630 447 1729 Pugna
460 1653 585 1717 autem,
597 1633 632 1703 in
646 1657 712 1728 qua
726 1633 903 1729 unusquis-

103 1756 115 1794 ³
135 1775 204 1846 que
218 1774 290 1822 rem
304 1749 467 1821 arbitratu
483 1745 542 1819 suo
556 1740 657 1841 gerit,
677 1748 782 1820 cuivis
802 1748 903 1819 etiam
1002 1774 1005 1781 ’
1064 1839 1067 1848 V

103 1878 114 1907 ‘
136 1864 251 1937 salutis
265 1862 395 1938 servato
405 1863 534 1943 ¹decoro
547 1864 759 1954 quaerendae
768 1860 904 1932 occano-

105 1990 217 2051 ‘nem
244 1974 403 2049 facillime
426 1973 594 2068 praebeat.
632 1972 763 2044 Tutius
791 1990 905 2045 autem

105 2104 118 2137 ‘
138 2089 339 2173 existimant,
350 2107 411 2161 nos
421 2086 544 2160 eminus
553 2098 587 2157 et
595 2086 662 2158 fine
672 2086 825 2181 periculo
840 2106 905 2159 ter·

106 2218 118 2251 ‘
139 2203 303 2288 refacere,
318 2228 419 2298 quam
437 2201 612 2273 nobiscum
626 2200 668 2271 ad
681 2224 797 2273 manus
812 2200 919 2275 venit

107 2331 119 2364 ‘
142 2345 190 2393 rei
209 2318 301 2392 Nam
302 2315 341 2413 st
351 2341 467 2389 manus
483 2313 643 2387 nobiscum
653 2314 808 2412 coifirere
822 2313 906 2387 tuti·

108 2445 120 2476 ‘
142 2460 181 2507 us
195 2430 250 2528 effe
264 2428 438 2527 duxiffent,
453 2454 550 2529 quam
564 2426 688 2501 eminus
703 2454 757 2501 nos
773 2440 906 2513 terreri,

110 2560 121 2589 ‘
136 2546 361 2648 profeciojam
375 2545 432 2617 illa
447 2543 570 2639 potius,
590 2558 690 2637 quam
705 2540 766 2614 ista
778 2544 909 2617 'ratione

112 2672 124 2704 ‘
143 2661 193 2733 ufi
205 2656 319 2733 effent.
333 2658 495 2753 Denique
504 2656 666 2751 quicquid
680 2656 820 2729 terroris
835 2658 910 2728 hac'·

110 2784 124 2823 ‘
143 2796 241 2847 tenus
249 2770 342 2844 vobis
352 2773 394 2842 ab
403 2772 476 2867 ipfis
487 2768 649 2843 incuffum
661 2768 720 2854 est,
736 2768 911 2843 manifeste

112 2904 124 2937 ⁴
145 2887 267 2961 videtis
277 2910 315 2959 re
324 2887 460 2980 quidem
470 2883 539 2978 ipsa
548 2885 624 2957 lev'e
639 2881 793 2973 effeJsed
804 2882 912 2978 aspec-

113 3016 134 3051 θ’
142 3023 181 3074 tu
191 3014 323 3073 tantum
334 3020 368 3071 et
378 2999 496 3072 auditu
506 3018 672 3071 terrorem
683 2998 774 3069 vobis
787 2998 913 3070 incute·

113 3130 126 3163 ⁴
145 3141 193 3188 re.
223 3112 343 3211 Quem
361 3111 490 3186 inanem
504 3126 666 3196 terrorem,
687 3135 726 3183 ac
747 3111 914 3211 impreffio-

113 3244 126 3277 ‘
146 3250 216 3303 nem
230 3229 445 3324 ingruentem
459 3228 483 3299 fi
496 3226 732 3308 sustinueritis,
748 3246 794 3309 et,
808 3242 915 3320 quum

111 3358 279 3448 f:tempus
296 3341 415 3429 fuerit,
443 3340 571 3419 servata
589 3336 724 3417 militari
743 3334 915 3439 disciplina
