2250 3659
238 208 702 315 THUCYD.IV.30·.
815 226 869 313 ὃς

85 344 213 443 de'fi
228 358 345 423 manus
358 345 392 423 in
408 344 490 417 locis
504 345 614 417 aenfis'
628 348 773 441 pervim
786 366 868 426 con,

82 458 177 537 [erere
192 460 430 534 contenderem
452 460 540 541 illua,
555 461 615 552 qui
632 457 737 533 client
751 466 865 555 pauci·

80 598 154 656 ores,
169 573 225 646 sed
239 574 391 645 locorum
406 574 596 665 peritiores,
608 574 711 669 louge
725 578 866 651 meliore

79 687 258 759 conditione
272 710 343 759 rem
357 685 866 784 gesturos.arbitrabatur‚quam

78 799 153 884 illos,
171 802 229 895 qui
250 824 393 873 numero
412 798 602 895 superiores
620 799 737 885 effeut,
762 824 796 875 at
814 805 868 877 lo·-

76 935 179 987 corum
193 914 429 1007 imperitiores.
458 912 636 987 Praeterea
655 913 751 987 suum
766 898 868 990 exer-⁴·

76 1028 177 1111 citum,
201 1027 474 1124 quiJnumerosus
493 1048 577 1109 erat,
606 1030 690 1110 clam
705 1017 861 1125 profliga-

75 1160 135 1215 tum
148 1142 200 1225 iri,
228 1142 296 1214 luis
321 1161 436 1235 erepta
450 1139 611 1213 facultate
625 1142 862 1236 prospiciendi,

73 1279 127 1347 qua
136 1276 229 1350 parte
239 1258 297 1337 alii
307 1256 380 1327 aliis
395 1277 546 1337 mutuam
561 1282 662 1350 opem
675 1254 770 1331 ferre
785 1257 860 1353 pos,-

73 1366 141 1455 lent
511 1376 513 1383 '
621 1442 626 1451 ,
726 1386 731 1393 “
833 1388 861 1458 ᾖ

122 1510 176 1581 30.
205 1484 308 1557 Haec
325 1504 439 1579 autem
457 1480 657 1577 potiffimum
671 1485 715 1562 ob
729 1486 866 1559 cladem·

72 1595 247 1679 Aetolicam
268 1596 386 1692 (quam
404 1622 521 1691 magna
543 1624 585 1669 ex
605 1620 699 1690 parte
718 1615 861 1694 propter·

72 1708 180 1803 sylvam
194 1710 385 1807 acceperat)
396 1713 430 1786 in
441 1732 588 1783 mentem
599 1711 607 1780 i
611 1713 657 1806 pli
667 1714 856 1800 veniebant

72 1822 145 1903 Cum
166 1849 289 1899 autema
300 1827 423 1897 milites
442 1844 583 1919 propter
600 1824 729 1899 insulae
747 1851 864 1921 angu-

71 1933 189 2027 stiassfld,
200 1960 368 2013 extremas
383 1941 454 2035 ejus
468 1964 555 2023 orac,
571 1940 861 2033 prandiiparandi'

55 2052 161 2138 -tausa,
176 2055 329 2133 adhibita
344 2051 491 2125 custodia
507 2055 667 2125 accedere
681 2055 784 2125 coacli
799 2037 855 2124 fu-

69 2162 162 2251 issent,
176 2190 211 2241 et
225 2168 363 2261 quidam
377 2193 417 2239 ex
437 2165 564 2238 illoram
582 2192 710 2240 numero
728 2165 854 2262 sylvam

68 2280 212 2369 paulatim
227 2278 424 2353 incendisset
435 2282 572 2365 inritat,
582 2278 763 2375 posteaque
777 2306 855 2353 veu-

68 2411 111 2462 tus
124 2398 290 2479 excitatus
302 2392 435 2481 fuiffet;
462 2418 582 2488 magna
601 2396 673 2492 ejus
695 2419 770 2487 pars
790 2390 863 2465 ha·

69 2502 156 2581 stibus
171 2509 281 2581 insciis
297 2506 344 2579 est
358 2526 513 2579 cremata.
541 2506 598 2579 Sic
613 2507 719 2600 igitur
732 2508 868 2580 Dema-‘-

61 2618 176 2709 sthenes
186 2622 324 2703 ¹facilius
339 2620 545 2714 conspicatus
555 2618 852 2705 Lacedaemonios,

67 2735 114 2823 qui
128 2736 240 2827 plures
260 2755 367 2817 crant,
387 2760 485 2833 qaam
504 2732 755 2817 arbitrabatur,
775 2760 869 2807 cum·
890 2729 893 2733 ’

68 2847 146 2935 prius
158 2868 381 2927 commeatum
396 2850 437 2920 ad
452 2849 626 2942 pauciores
634 2849 726 2921 illuc
746 2870 853 2936 tranas

68 2959 142 3033 mitti
155 2962 390 3057 suspicaretur,
411 2983 492 3033 tunc
514 2960 716 3033 adhortatus
737 2962 782 3057 est
801 2960 871 3036 Ar

70 3068 243 3148 thenienses
271 3062 501 3174 admajorem
526 3074 737 3170 diligentiam
756 3076 873 3146 adhi-·

69 3180 213 3276 beidam,
243 3184 551 3287 utpote'adversus
581 3186 690 3289 copias
718 3188 857 3277 minima
