2250 3659
198 246 693 338 THUCYD.1,V..120.·
768 270 846 351 313

60 398 177 462 rarum,
192 377 325 481 utrique
339 381 375 453 in
387 379 595 475 colloquium
606 379 649 451 de
659 401 774 455 tetum
785 400 853 451 mc·

55 495 159 590 jomm
173 490 370 567 foederibus
384 513 550 589 perpetuo
564 512 740 566 venerunt.

66 663 70 678 .
114 633 198 679 120.
217 606 285 681 Per
303 610 367 688 hos
380 627 494 679 autem
507 605 591 709 dies,
612 592 737 701 quibus¹
748 603 851 680 alteri

62 721 227 793 adulteros
236 724 384 804 adibant,
400 720 522 793 Scione
531 722 621 813 apud
635 716 796 809 Pellenen
809 721 853 793 ci-

63 835 136 907 vitas
149 836 191 905 ab
204 834 466 909 Athenieniibus
480 836 522 906 ad
536 832 703 907 Brafidam
716 832 853 911 defecit.

64 944 204 1021 Scionrei
219 948 383 1023 autemst:
399 945 613 1021 Pellenenses
631 948 768 1043 quidem
787 940 855 1021 effe

65 1061 182 1144 dicunt,
201 1088 248 1142 ex
261 1060 498 1158 Peloponneso
511 1060 662 1137 oriundos
670 1091 685 1147 ;
704 1060 761 1151 sed
780 1059 857 1143 suos,

65 1176 204 1269 majores,
230 1202 310 1249 cum
328 1201 348 1249 a
368 1173 479 1274 Troji
496 1176 706 1275 navigarent,
722 1195 855 1271 tempe·

65 1282 148 1370 state,
162 1314 228 1384 qua
243 1289 370 1365 Achivi
380 1288 492 1388 jactati
503 1286 657 1371 fuerunt,
673 1288 707 1360 in
717 1290 854 1379 eumwlo·

66 1422 133 1471 cum
150 1404 279 1478 delatos
297 1401 409 1492 fuiffo,
438 1403 554 1497 ibique
581 1401 673 1475 sedes
701 1398 854 1497 posuiffe.

67 1509 143 1585 Com
156 1538 270 1593 autem
288 1517 338 1592 illi
358 1514 567 1600 defeciffent,
587 1514 736 1589 Brafidas
754 1504 855 1589 noiiu

67 1622 208 1704 Scionem
218 1631 364 1731 trajecit,
376 1632 506 1705 triremi
516 1630 653 1726 quidem
663 1629 747 1705 socia
756 1620 858 1727 'prae-

69 1761 169 1827 eunte
194 1746 266 1841 ipse
285 1771 367 1819 reto
381 1743 495 1819 celoce
509 1746 621 1817 vectus
637 1746 766 1819 eminus
784 1772 856 1828 eam

69 1849 206 1947 sequens,
217 1860 303 1945 ut‚fi
317 1858 408 1933 forte
419 1860 453 1930 in
463 1857 601 1953 aliq‘uod
610 1860 783 1954 navigium
785 1859 857 1955 fita

70 1968 170 2044 celoce
187 1976 295 2074 majus
314 1973 491 2056 incideret,
516 1972 663 2070 triremis
682 1995 781 2064 opem
800 1971 859 2065 ipst

70 2075 180 2156 ferret:
199 2089 323 2161 livero
336 2086 399 2162 alia
415 2085 487 2180 pari
506 2082 739 2178 magnitudine
758 2085 858 2159 trire-

71 2193 124 2264 mis
136 2198 329 2296 adreniffet,
348 2198 556 2279 existimabat
576 2196 669 2272 illam
687 2222 756 2298 oon
771 2198 858 2271 recia

71 2325 237 2389 tenturam
250 2335 367 2389 contra
382 2314 493 2387 minus
507 2309 691 2413 navigium,
707 2311 858 2405 sedeon-

73 2436 117 2489 tra
130 2428 310 2526 triremem,
331 2449 365 2503 et
379 2426 413 2501 se
427 2426 556 2506 interea
570 2424 667 2499 saluti
688 2425 765 2501 suae
779 2451 859 2519 conf

73 2527 237 2616 sultumm.
262 2542 349 2616 Cum
364 2561 477 2613 autem
491 2566 524 2612 eo
538 2537 728 2639 trajecifl'et‚
743 2559 777 2613 et
792 2540 860 2613 Sci,

74 2667 244 2730 ⁰1¹aeorum
258 2657 455 2729 concionem
465 2652 664 2755 adrocaffet,
679 2656 796 2735 eadem
811 2651 861 2731 ibi

75 2758 161 2847 dixit,
181 2795 268 2865 quae
293 2790 331 2869 ¹et
350 2767 513 2851 Acanthi,
529 2788 567 2867 'et
587 2760 774 2847 Toronae⁸¹
790 2766 878 2863 Adf‘

74 2870 163 2951 debat
177 2905 350 2980 praeterea
364 2882 451 2980 ipsos
465 2884 607 2955 maxima
622 2882 721 2957 laude
741 2872 861 2977 dignos
907 2942 910 2947 .
