2250 3659
219 244 712 351 Tfluc.m..1v‚130.
789 276 870 353 345:

57 378 162 455 noste
178 380 316 451 domum
331 367 496 450 abie‘runt.
524 364 690 455 Postridie
704 404 786 453 vero
801 382 869 455 Ni-

60 498 134 568 cias
163 493 299 586 quidem
319 482 389 564 tino
409 493 595 587 eodemque
622 515 774 589 tempore
792 520 871 573 cum

63 598 211 682 dimidib
233 606 407 699 copiarum
429 608 472 677 ad
495 607 639 679 confinia
664 608 868 703 progressuS,

64 723 311 797 Scionaeorum
330 742 449 817 agrum
469 712 626 792 vastavit(
655 720 871 796 Nicostratus

66 832 154 908 vero
168 856 244 905 cum
259 833 396 926 reliquis
407 832 519 931 copiis',
530 859 548 904 a
559 834 787 928 superioribus
797 862 873 931 por-

69 951 127 1030 tis,
143 970 210 1041 qua
220 942 414 1021 Potidaeam
429 940 641 1031 itur,'urbem
650 940 791 1023 obsedit.
810 949 873 1023 Po-

70 1062 256 1159 lydamidas
270 1084 352 1131 vero
370 1058 487 1155 (forte
506 1062 595 1134 enim
615 1066 657 1136 ad
675 1063 761 1135 ha'nc
780 1065 873 1138 urbis

70 1196 204 1271 partem
222 1174 311 1244 intra
332 1197 447 1247 muros
465 1195 538 1247 erat
561 1178 709 1251 militum
728 1200 874 1252 armato-

72 1314 150 1361 rum
164 1282 300 1382 agme'n)
313 1314 363 1359 eos
377 1309 417 1360 ut
432 1290 474 1362 ad
488 1289 657 1383 proelium
676 1288 872 1378 instruebat,

72 1426 108 1476 et
123 1402 303 1474 Mendaeis
317 1400 488 1486 suadebat,
502 1400 541 1475 u't
556 1406 769 1499 eruptionem
782 1404 873 1479 face·

73 1536 162 1590 rent.
180 1514 227 1586 Et
241 1538 318 1586 cum
332 1517 468 1610 quidam
483 1542 503 1589 e
516 1518 645 1610 populo
654 1517 808 1593 seditiose
818 1520 876 1616 ipfi
936 1598 938 1609 ,

72 1626 338 1728 cont'radixiffet,
360 1655 424 1703 nec
443 1632 658 1724 eruptionem
676 1631 875 1720 faciendam,

72 1768 139 1819 nec
158 1744 290 1838 proelio
309 1768 394 1838 opus
414 1742 479 1817 effe
499 1743 689 1839 affirmans:
717 1772 883 1844 cumques

71 1855 875 1956 fimulacipstcontradixiffet,abipsomanuper-

74 1975 200 2046 ῐταᾶιιε
214 1995 251 2042 ac
276 1972 493 2065 perturbatus
516 1970 643 2055 fuiffet,
667 1972 812 2068 populus
827 1975 876 2047 ira

71 2086 230 2182 protinus
245 2083 410 2169 incensus,
430 2083 546 2156 sumtis
560 2087 660 2157 armis
675 2088 783 2159 tendit
797 2112 875 2161 cum

69 2204 107 2274 in
122 2198 395 2293 Peloponnefios,
410 2218 483 2270 tum
497 2199 532 2270 in
547 2224 617 2283 eos,
632 2200 692 2294 qui
707 2224 785 2276 cum
799 2202 873 2296 ipfis

71 2334 195 2388 eontra
209 2312 243 2384 se
257 2333 407 2407 egerant.
435 2311 641 2409 Impetuque
656 2313 692 2387 in
710 2340 759 2386 eos
773 2314 873 2399 fasto,

70 2432 109 2502 in
125 2426 245 2521 fugam
259 2428 374 2509 vertit,
390 2448 463 2498 tum
478 2428 525 2498 ob.
538 2430 753 2523 repentinum
768 2451 876 2503 certa·

72 2566 168 2623 men,
185 2562 257 2611 tum
271 2536 316 2612 ob
330 2560 457 2613 metum
472 2539 741 2627 Athenienfium,
756 2545 878 2639 quibus

73 2676 197 2751 portae
211 2652 347 2726 fuerant
361 2674 506 2747 apertae.
533 2652 775 2727 Existimabam
789 2659 879 2729 enim

72 2770 131 2843 Pe
130 2766 298 2869 loponnesti
315 2792 359 2843 ex
378 2768 493 2864 aliquo
518 2772 690 2865 compasto
709 2770 823 2844 hanc
815 2794 876 2843 nn
