2250 3659
123 342 130 351 ἱ
244 244 716 325 THUCYD.1v.20·.
829 261 906 351 53'

66 383 170 453 ‘non
187 376 311 451 debeat
333 375 462 459 ulcisci,
485 376 577 471 quasl
598 377 666 450 vim
679 372 791 471 paffus
803 374 882 452 fue⁴

63 494 156 573 ‘riu
181 492 239 565 [ed
261 491 404 588 gratiam
418 490 450 563 ei
465 488 613 580 referre;
641 514 724 585 prae
746 490 881 585 pudore

57 616 69 647 ‘
88 610 135 682 ad
151 605 312 679 standum
325 602 501 678 conventis
517 606 686 699 promtior
698 602 759 688 est,
777 630 880 706 quam

58 730 70 763 ‘
92 718 167 804 ille,
185 719 246 821 qui
260 718 399 820 aliquid
408 720 592 813 neceffltate
604 718 777 819 compulsus
782 722 877 817 fecu-⁸

58 844 70 876 ‘
89 833 153 909 rit.
188 834 361 908 Homines
375 854 489 907 autem
504 834 571 905 hoc
585 855 693 928 agunt
708 858 791 929 eiga
805 854 876 907 nia-²

57 958 69 989 ⁴
83 950 187 1049 jures
201 946 314 1021 hostes
329 948 454 1043 potius,
474 972 577 1043 quam
591 971 672 1044 erga
686 948 875 1023 mediocres

55 1073 67 1104 ⁴
83 1063 260 1141 inimicos.
274 1084 395 1134 natura
409 1062 500 1135 enim
515 1062 561 1134 ita
576 1082 806 1156 comparatum
816 1063 876 1135 ha:

57 1177 190 1259 ‘bent,
211 1198 251 1248 ut
265 1178 317 1259 iis,
337 1178 397 1271 qui
417 1174 535 1271 sponte
555 1175 613 1247 sua
628 1176 669 1247 de
684 1172 874 1253 inimicitiis

55 1301 66 1331 ‘
86 1290 297 1374 remiserint,
306 1290 455 1363 libenter
464 1310 498 1363 et
514 1289 573 1385 ipfi
587 1286 725 1362 viciffim
738 1292 875 1364 cedantt

57 1416 67 1446 ‘
86 1406 159 1480 iliis
176 1430 271 1488 veto,
282 1406 340 1499 qui
352 1404 429 1475 sunt
440 1402 588 1499 superbi,
599 1402 653 1477 vel
664 1405 873 1499 praeterho·¹

55 1530 66 1560 ⁸
85 1522 223 1594 minum
237 1518 434 1613 opinionem
448 1543 525 1591 cum
540 1519 695 1613 periculo
710 1516 874 1595 refistaut.·

115 1660 182 1712 20,
203 1632 339 1706 ‘Nobis
354 1656 437 1705 vero
451 1632 618 1728 utrisque,
632 1632 655 1705 s1
669 1658 820 1728 unquam
834 1658 873 1709 ae

55 1758 67 1789 ‘
86 1746 429 1842 liasmuneprofeuo
438 1746 570 1841 gratiae
579 1748 810 1820 reconciliatio
820 1746 872 1822 est

54 1874 66 1905 ‘
86 1882 360 1959 petopporruna,
379 1860 576 1957 priusquam
595 1858 822 1957 graviflimum
836 1880 874 1934 a·¹

55 1988 67 2017 ‘
88 1978 212 2071 liquod
227 1976 353 2048 malum
367 1976 497 2049 interea
510 2000 573 2047 nos
582 1977 764 2071 opprimat,
772 1978 874 2076 cujus

55 2100 65 2131 ‘
85 2089 187 2163 causa
201 2086 333 2163 necesse
347 2088 414 2162 erit
428 2114 490 2163 nos
505 2088 636 2191 quidem
651 2112 788 2184 praeter
802 2106 878 2184 pue*

54 2215 64 2245 ‘
85 2204 206 2287 blicam
230 2204 376 2299 privatas
391 2203 493 2277 etiam
510 2205 714 2287 inimicitias,
743 2227 867 2299 easque

55 2318 307 2412 ‘sempiternas
330 2318 505 2391 vobiscum
525 2343 665 2415 gerere:
699 2342 759 2392 vos
782 2343 866 2392 vero

55 2442 65 2473 ‘
85 2434 190 2509 rebus
207 2432 345 2527 privari,
368 2434 411 2504 ad
424 2456 506 2526 quas
520 2458 613 2505 nunc
628 2457 686 2505 vos
702 2423 868 2526 provo'cae

54 2558 65 2587 ‘
84 2572 171 2623 mus.
201 2545 326 2645 Quare
340 2549 422 2619 dum
436 2546 517 2619 belli
532 2566 675 2620 eventus
689 2548 800 2619 adhuc
815 2544 865 2620 est

55 2671 65 2703 ‘
83 2684 222 2755 anceps,
238 2685 297 2733 vos
311 2660 461 2755 quidem,
472 2685 550 2733 cum
564 2661 707 2756 gloriae,
717 2651 893 2735 nostrae-s

55 2785 65 2815 ‘
83 2800 153 2870 que
168 2775 337 2849 amicitiae
351 2772 551 2863 aeceffione3
581 2793 642 2847 no's
658 2800 753 2858 vero,
769 2797 864 2849 ante·

57 2899 66 2928 ‘
84 2914 189 2985 quam
202 2890 350 2961 dedecus
365 2890 502 2983 aliquod
516 2889 615 2962 nobis
630 2889 770 2972 accidat,
786 2913 865 2964 uum
924 2946 929 2953 .

53 3013 64 3044 ‘
82 3004 248 3077 mediocri
253 3004 396 3101 jastura,
407 3002 443 3075 in
457 3003 602 3097 gratiam
615 3003 800 3075 redeamus.
816 3001 864 3099 Et

55 3126 163 3191 ‘cum
177 3116 239 3213 ipfi
261 3116 355 3191 bello
374 3140 491 3210 pacem
515 3138 770 3212 anteponamus,
791 3124 877 3189 tum‘

33 3233 184 3333 'fetiam
198 3230 343 3308 caeteris
364 3230 508 3304 Graecis
528 3231 698 3306 malorum
712 3230 866 3325 requiem

425 3342 507 3447 Du
