<?xml version="1.0" encoding="UTF-8"?>
<!DOCTYPE html PUBLIC "-//W3C//DTD XHTML 1.0 Transitional//EN"
    "http://www.w3.org/TR/xhtml1/DTD/xhtml1-transitional.dtd">
<html xmlns="http://www.w3.org/1999/xhtml" xml:lang="en" lang="en">
 <head>
  <title>
</title>
<meta http-equiv="Content-Type" content="text/html;charset=utf-8" />
  <meta name='ocr-system' content='tesseract 3.04.00' />
  <meta name='ocr-capabilities' content='ocr_page ocr_carea ocr_par ocr_line ocrx_word'/>
</head>
<body>
  <div class='ocr_page' id='page_1' title='image "bellumpeloponne01foulgoog_0256.png"; bbox 0 0 2250 3659; ppageno 0'>
   <div class='ocr_carea' id='block_1_1' title="bbox 269 195 898 323">
    <p class='ocr_par' dir='ltr' id='par_1_1' title="bbox 269 195 898 323">
     <span class='ocr_line' id='line_1_1' title="bbox 269 195 898 323; baseline -0.002 -20"><span class='ocrx_word' id='word_1_1' title='bbox 269 248 350 323; x_wconf 76' lang='lat'>250</span> <span class='ocrx_word' id='word_1_2' title='bbox 434 195 898 322; x_wconf 69' lang='lat' dir='ltr'>THUCYD.IV.96&#39;.</span> 
     </span>
    </p>
   </div>
   <div class='ocr_carea' id='block_1_2' title="bbox 157 351 1102 3178">
    <p class='ocr_par' dir='ltr' id='par_1_2' title="bbox 157 351 1102 3178">
     <span class='ocr_line' id='line_1_2' title="bbox 263 351 1061 454; baseline 0 -22"><span class='ocrx_word' id='word_1_3' title='bbox 263 357 369 454; x_wconf 86' lang='lat' dir='ltr'>suque</span> <span class='ocrx_word' id='word_1_4' title='bbox 382 351 620 430; x_wconf 83' lang='lat' dir='ltr'>conflixerunt.</span> <span class='ocrx_word' id='word_1_5' title='bbox 638 351 696 428; x_wconf 82' lang='lat' dir='ltr'>sod</span> <span class='ocrx_word' id='word_1_6' title='bbox 705 356 883 450; x_wconf 83' lang='lat' dir='ltr'>utriusque</span> <span class='ocrx_word' id='word_1_7' title='bbox 896 355 1061 432; x_wconf 68' lang='lat' dir='ltr'>exercitat</span> 
     </span>
     <span class='ocr_line' id='line_1_3' title="bbox 264 469 1058 565; baseline -0.005 -18"><span class='ocrx_word' id='word_1_8' title='bbox 264 489 434 547; x_wconf 75' lang='lat' dir='ltr'>extremae</span> <span class='ocrx_word' id='word_1_9' title='bbox 448 487 558 565; x_wconf 84' lang='lat' dir='ltr'>partes</span> <span class='ocrx_word' id='word_1_10' title='bbox 568 469 611 540; x_wconf 77' lang='lat' dir='ltr'>td</span> <span class='ocrx_word' id='word_1_11' title='bbox 620 491 737 542; x_wconf 81' lang='lat' dir='ltr'>manus</span> <span class='ocrx_word' id='word_1_12' title='bbox 746 491 816 542; x_wconf 89' lang='lat' dir='ltr'>non</span> <span class='ocrx_word' id='word_1_13' title='bbox 826 490 1012 543; x_wconf 85' lang='lat' dir='ltr'>venerunt:</span> <span class='ocrx_word' id='word_1_14' title='bbox 1028 491 1058 543; x_wconf 85' lang='lat' dir='ltr'>at</span> 
     </span>
     <span class='ocr_line' id='line_1_4' title="bbox 223 578 1067 685; baseline -0.005 -26"><span class='ocrx_word' id='word_1_15' title='bbox 223 663 227 680; x_wconf 63' lang='lat'>‚</span> <span class='ocrx_word' id='word_1_16' title='bbox 262 585 352 659; x_wconf 80' lang='lat' dir='ltr'>idem</span> <span class='ocrx_word' id='word_1_17' title='bbox 362 578 584 657; x_wconf 71' lang='lat' dir='ltr'>incommodum</span> <span class='ocrx_word' id='word_1_18' title='bbox 592 595 753 685; x_wconf 80' lang='lat' dir='ltr'>utraeque</span> <span class='ocrx_word' id='word_1_19' title='bbox 764 580 841 656; x_wconf 82' lang='lat' dir='ltr'>sunt</span> <span class='ocrx_word' id='word_1_20' title='bbox 849 579 971 678; x_wconf 75' lang='lat' dir='ltr'>ptffae.</span> <span class='ocrx_word' id='word_1_21' title='bbox 987 609 1067 658; x_wconf 85' lang='lat' dir='ltr'>nan</span> 
     </span>
     <span class='ocr_line' id='line_1_5' title="bbox 262 695 1059 796; baseline 0 -24"><span class='ocrx_word' id='word_1_22' title='bbox 262 721 425 796; x_wconf 74' lang='lat' dir='ltr'>aqnnrm</span> <span class='ocrx_word' id='word_1_23' title='bbox 443 695 507 770; x_wconf 84' lang='lat' dir='ltr'>rivi</span> <span class='ocrx_word' id='word_1_24' title='bbox 526 695 787 790; x_wconf 80' lang='lat' dir='ltr'>impediverunt.</span> <span class='ocrx_word' id='word_1_25' title='bbox 814 695 960 771; x_wconf 79' lang='lat' dir='ltr'>Caetera</span> <span class='ocrx_word' id='word_1_26' title='bbox 983 722 1059 776; x_wconf 80' lang='lat' dir='ltr'>tero</span> 
     </span>
     <span class='ocr_line' id='line_1_6' title="bbox 262 807 1059 908; baseline -0.004 -22"><span class='ocrx_word' id='word_1_27' title='bbox 262 812 349 894; x_wconf 77' lang='lat' dir='ltr'>teies</span> <span class='ocrx_word' id='word_1_28' title='bbox 370 807 519 886; x_wconf 81' lang='lat' dir='ltr'>constitit</span> <span class='ocrx_word' id='word_1_29' title='bbox 538 808 694 904; x_wconf 69' lang='lat' dir='ltr'>pugnans</span> <span class='ocrx_word' id='word_1_30' title='bbox 713 810 856 894; x_wconf 78' lang='lat' dir='ltr'>acriter,</span> <span class='ocrx_word' id='word_1_31' title='bbox 882 810 1059 908; x_wconf 69' lang='lat' dir='ltr'>et‘clypeit</span> 
     </span>
     <span class='ocr_line' id='line_1_7' title="bbox 262 920 1057 1024; baseline -0.003 -24"><span class='ocrx_word' id='word_1_32' title='bbox 262 925 429 1024; x_wconf 85' lang='lat' dir='ltr'>repellere</span> <span class='ocrx_word' id='word_1_33' title='bbox 452 923 639 998; x_wconf 78' lang='lat' dir='ltr'>connitens.</span> <span class='ocrx_word' id='word_1_34' title='bbox 671 921 720 994; x_wconf 87' lang='lat' dir='ltr'>Et</span> <span class='ocrx_word' id='word_1_35' title='bbox 743 920 1057 1019; x_wconf 79' lang='lat' dir='ltr'>linistrn&#39;m&#39;qni&#39;den</span> 
     </span>
     <span class='ocr_line' id='line_1_8' title="bbox 262 1033 1065 1134; baseline -0.009 -18"><span class='ocrx_word' id='word_1_36' title='bbox 262 1037 470 1116; x_wconf 83' lang='lat' dir='ltr'>Boeotorum</span> <span class='ocrx_word' id='word_1_37' title='bbox 483 1059 605 1120; x_wconf 88' lang='lat' dir='ltr'>cornu,</span> <span class='ocrx_word' id='word_1_38' title='bbox 614 1033 668 1110; x_wconf 82' lang='lat' dir='ltr'>vel</span> <span class='ocrx_word' id='word_1_39' title='bbox 682 1039 725 1110; x_wconf 85' lang='lat' dir='ltr'>ad</span> <span class='ocrx_word' id='word_1_40' title='bbox 737 1037 883 1110; x_wconf 78' lang='lat' dir='ltr'>mediam</span> <span class='ocrx_word' id='word_1_41' title='bbox 894 1037 1003 1134; x_wconf 81' lang='lat' dir='ltr'>usque</span> <span class='ocrx_word' id='word_1_42' title='bbox 1015 1039 1065 1134; x_wconf 82' lang='lat' dir='ltr'>ip·</span> 
     </span>
     <span class='ocr_line' id='line_1_9' title="bbox 261 1145 1056 1249; baseline -0.005 -21"><span class='ocrx_word' id='word_1_43' title='bbox 261 1152 326 1228; x_wconf 79' lang='lat' dir='ltr'>stus</span> <span class='ocrx_word' id='word_1_44' title='bbox 344 1172 486 1249; x_wconf 82' lang='lat' dir='ltr'>partem,</span> <span class='ocrx_word' id='word_1_45' title='bbox 512 1149 554 1222; x_wconf 82' lang='lat' dir='ltr'>ab</span> <span class='ocrx_word' id='word_1_46' title='bbox 572 1145 979 1245; x_wconf 71' lang='lat' dir='ltr'>Athenienfibus·vi&amp;um</span> <span class='ocrx_word' id='word_1_47' title='bbox 991 1149 1056 1242; x_wconf 77' lang='lat' dir='ltr'>&#39;est;</span> 
     </span>
     <span class='ocr_line' id='line_1_10' title="bbox 263 1263 1057 1368; baseline -0.001 -28"><span class='ocrx_word' id='word_1_48' title='bbox 263 1287 299 1352; x_wconf 72' lang='lat' dir='ltr'><em>a</em></span> <span class='ocrx_word' id='word_1_49' title='bbox 312 1263 531 1368; x_wconf 73' lang='lat' dir='ltr'>Athenietfis</span> <span class='ocrx_word' id='word_1_50' title='bbox 545 1287 623 1340; x_wconf 86' lang='lat' dir='ltr'>cum</span> <span class='ocrx_word' id='word_1_51' title='bbox 637 1263 672 1338; x_wconf 88' lang='lat' dir='ltr'>in</span> <span class='ocrx_word' id='word_1_52' title='bbox 682 1264 777 1348; x_wconf 76' lang='lat' dir='ltr'>elios,</span> <span class='ocrx_word' id='word_1_53' title='bbox 787 1266 849 1359; x_wconf 89' lang='lat' dir='ltr'>qni</span> <span class='ocrx_word' id='word_1_54' title='bbox 862 1266 900 1337; x_wconf 91' lang='lat' dir='ltr'>in</span> <span class='ocrx_word' id='word_1_55' title='bbox 912 1289 953 1339; x_wconf 73' lang='lat' dir='ltr'>ee</span> <span class='ocrx_word' id='word_1_56' title='bbox 966 1283 1057 1360; x_wconf 77' lang='lat' dir='ltr'>parte</span> 
     </span>
     <span class='ocr_line' id='line_1_11' title="bbox 262 1375 1054 1474; baseline -0.005 -20"><span class='ocrx_word' id='word_1_57' title='bbox 262 1381 418 1454; x_wconf 82' lang='lat' dir='ltr'>collocati</span> <span class='ocrx_word' id='word_1_58' title='bbox 430 1375 592 1472; x_wconf 79' lang='lat' dir='ltr'>¹fuerant,</span> <span class='ocrx_word' id='word_1_59' title='bbox 621 1397 694 1452; x_wconf 83' lang='lat' dir='ltr'>tunt</span> <span class='ocrx_word' id='word_1_60' title='bbox 718 1402 802 1451; x_wconf 82' lang='lat' dir='ltr'>veto</span> <span class='ocrx_word' id='word_1_61' title='bbox 824 1379 1008 1474; x_wconf 73' lang='lat' dir='ltr'>praecipue</span> <span class='ocrx_word' id='word_1_62' title='bbox 1023 1379 1054 1450; x_wconf 93' lang='lat' dir='ltr'>in</span> 
     </span>
     <span class='ocr_line' id='line_1_12' title="bbox 262 1489 1056 1588; baseline -0.004 -20"><span class='ocrx_word' id='word_1_63' title='bbox 262 1491 493 1588; x_wconf 81' lang='lat' dir='ltr'>Thespienset</span> <span class='ocrx_word' id='word_1_64' title='bbox 508 1493 673 1588; x_wconf 83' lang='lat' dir='ltr'>impetum</span> <span class='ocrx_word' id='word_1_65' title='bbox 685 1489 854 1570; x_wconf 76' lang='lat' dir='ltr'>fecerunt.</span> <span class='ocrx_word' id='word_1_66' title='bbox 876 1491 973 1570; x_wconf 82' lang='lat' dir='ltr'>Nam</span> <span class='ocrx_word' id='word_1_67' title='bbox 984 1516 1056 1566; x_wconf 79' lang='lat' dir='ltr'>ton</span> 
     </span>
     <span class='ocr_line' id='line_1_13' title="bbox 221 1603 1054 1704; baseline -0.006 -22"><span class='ocrx_word' id='word_1_68' title='bbox 221 1613 226 1622; x_wconf 88' lang='grc'><strong>’</strong></span> <span class='ocrx_word' id='word_1_69' title='bbox 262 1607 398 1689; x_wconf 80' lang='lat' dir='ltr'>milites,</span> <span class='ocrx_word' id='word_1_70' title='bbox 407 1607 467 1701; x_wconf 84' lang='lat' dir='ltr'>qui</span> <span class='ocrx_word' id='word_1_71' title='bbox 480 1631 589 1704; x_wconf 86' lang='lat' dir='ltr'>prope</span> <span class='ocrx_word' id='word_1_72' title='bbox 601 1604 690 1702; x_wconf 77' lang='lat' dir='ltr'>ipsos</span> <span class='ocrx_word' id='word_1_73' title='bbox 704 1603 840 1683; x_wconf 78' lang='lat' dir='ltr'>fuerant</span> <span class='ocrx_word' id='word_1_74' title='bbox 855 1603 1016 1691; x_wconf 73' lang='lat' dir='ltr'>instmffl,</span> <span class='ocrx_word' id='word_1_75' title='bbox 1025 1605 1054 1677; x_wconf 88' lang='lat' dir='ltr'>le</span> 
     </span>
     <span class='ocr_line' id='line_1_14' title="bbox 263 1713 1054 1816; baseline -0.009 -18"><span class='ocrx_word' id='word_1_76' title='bbox 263 1713 474 1816; x_wconf 79' lang='lat' dir='ltr'>recepllleot,</span> <span class='ocrx_word' id='word_1_77' title='bbox 490 1737 524 1793; x_wconf 89' lang='lat' dir='ltr'>et</span> <span class='ocrx_word' id='word_1_78' title='bbox 538 1720 575 1797; x_wconf 86' lang='lat' dir='ltr'>in</span> <span class='ocrx_word' id='word_1_79' title='bbox 589 1716 734 1816; x_wconf 83' lang='lat' dir='ltr'>augusto</span> <span class='ocrx_word' id='word_1_80' title='bbox 744 1720 966 1794; x_wconf 79' lang='lat' dir='ltr'>circumventi</span> <span class='ocrx_word' id='word_1_81' title='bbox 979 1717 1054 1792; x_wconf 81' lang='lat' dir='ltr'><strong>fuis·</strong></span> 
     </span>
     <span class='ocr_line' id='line_1_15' title="bbox 263 1831 1058 1930; baseline -0.006 -20"><span class='ocrx_word' id='word_1_82' title='bbox 263 1834 350 1920; x_wconf 80' lang='lat' dir='ltr'>sent,</span> <span class='ocrx_word' id='word_1_83' title='bbox 363 1833 423 1930; x_wconf 85' lang='lat' dir='ltr'>qui</span> <span class='ocrx_word' id='word_1_84' title='bbox 437 1859 481 1907; x_wconf 88' lang='lat' dir='ltr'>ex</span> <span class='ocrx_word' id='word_1_85' title='bbox 498 1832 573 1930; x_wconf 82' lang='lat' dir='ltr'>lpfis</span> <span class='ocrx_word' id='word_1_86' title='bbox 590 1831 630 1906; x_wconf 91' lang='lat' dir='ltr'>T</span> <span class='ocrx_word' id='word_1_87' title='bbox 631 1832 856 1930; x_wconf 77' lang='lat' dir='ltr'>hesplenfibnt</span> <span class='ocrx_word' id='word_1_88' title='bbox 873 1834 1058 1928; x_wconf 84' lang='lat' dir='ltr'>periemnt,·</span> 
     </span>
     <span class='ocr_line' id='line_1_16' title="bbox 264 1943 1102 2048; baseline -0.002 -26"><span class='ocrx_word' id='word_1_89' title='bbox 264 1949 300 2024; x_wconf 88' lang='lat' dir='ltr'>ln</span> <span class='ocrx_word' id='word_1_90' title='bbox 314 1943 386 2046; x_wconf 88' lang='lat' dir='ltr'>ipso</span> <span class='ocrx_word' id='word_1_91' title='bbox 399 1945 555 2048; x_wconf 61' lang='lat' dir='ltr'>conflictu</span> <span class='ocrx_word' id='word_1_92' title='bbox 568 1944 604 2022; x_wconf 86' lang='lat' dir='ltr'>se</span> <span class='ocrx_word' id='word_1_93' title='bbox 616 1944 838 2022; x_wconf 63' lang='lat' dir='ltr'>defendentes</span> <span class='ocrx_word' id='word_1_94' title='bbox 850 1947 973 2044; x_wconf 84' lang='lat' dir='ltr'>concifi</span> <span class='ocrx_word' id='word_1_95' title='bbox 984 1947 1054 2020; x_wconf 82' lang='lat' dir='ltr'>fne-</span> <span class='ocrx_word' id='word_1_96' title='bbox 1100 2004 1102 2011; x_wconf 92' lang='lat'><em>.</em></span> 
     </span>
     <span class='ocr_line' id='line_1_17' title="bbox 264 2059 1053 2161; baseline -0.003 -25"><span class='ocrx_word' id='word_1_97' title='bbox 264 2085 355 2138; x_wconf 88' lang='lat' dir='ltr'>runt.</span> <span class='ocrx_word' id='word_1_98' title='bbox 384 2059 1053 2161; x_wconf 69' lang='lat' dir='ltr'>QtinetirmnonnulliAtheniensenin</span> 
     </span>
     <span class='ocr_line' id='line_1_18' title="bbox 264 2173 1101 2270; baseline -0.006 -20"><span class='ocrx_word' id='word_1_99' title='bbox 264 2173 360 2250; x_wconf 87' lang='lat' dir='ltr'>hoste</span> <span class='ocrx_word' id='word_1_100' title='bbox 370 2175 665 2252; x_wconf 83' lang='lat' dir='ltr'>circumveniendo</span> <span class='ocrx_word' id='word_1_101' title='bbox 677 2173 879 2270; x_wconf 79' lang='lat' dir='ltr'>perturbati,</span> <span class='ocrx_word' id='word_1_102' title='bbox 889 2174 924 2250; x_wconf 87' lang='lat' dir='ltr'>se</span> <span class='ocrx_word' id='word_1_103' title='bbox 936 2175 1053 2250; x_wconf 81' lang='lat' dir='ltr'>mutuis</span> <span class='ocrx_word' id='word_1_104' title='bbox 1099 2215 1101 2233; x_wconf 71' lang='lat'>2</span> 
     </span>
     <span class='ocr_line' id='line_1_19' title="bbox 157 2275 1050 2384; baseline -0.002 -17"><span class='ocrx_word' id='word_1_105' title='bbox 157 2275 160 2284; x_wconf 39' lang='lat'><em>¹</em></span> <span class='ocrx_word' id='word_1_106' title='bbox 263 2288 460 2366; x_wconf 71' lang='lat' dir='ltr'>vulnerib&#39;u&#39;s</span> <span class='ocrx_word' id='word_1_107' title='bbox 481 2283 741 2371; x_wconf 81' lang='lat' dir='ltr'>interfecerunt,</span> <span class='ocrx_word' id='word_1_108' title='bbox 758 2290 853 2384; x_wconf 85' lang='lat' dir='ltr'>quod</span> <span class='ocrx_word' id='word_1_109' title='bbox 870 2288 905 2364; x_wconf 91' lang='lat' dir='ltr'>se</span> <span class='ocrx_word' id='word_1_110' title='bbox 922 2313 992 2364; x_wconf 92' lang='lat' dir='ltr'>non</span> <span class='ocrx_word' id='word_1_111' title='bbox 1008 2289 1050 2365; x_wconf 83' lang='lat' dir='ltr'>in·</span> 
     </span>
     <span class='ocr_line' id='line_1_20' title="bbox 265 2398 1052 2498; baseline -0.003 -22"><span class='ocrx_word' id='word_1_112' title='bbox 265 2401 503 2478; x_wconf 87' lang='lat' dir='ltr'>ternoscerent.</span> <span class='ocrx_word' id='word_1_113' title='bbox 530 2398 589 2475; x_wconf 90' lang='lat' dir='ltr'>Ab</span> <span class='ocrx_word' id='word_1_114' title='bbox 602 2401 666 2475; x_wconf 83' lang='lat' dir='ltr'>hac</span> <span class='ocrx_word' id='word_1_115' title='bbox 680 2401 787 2497; x_wconf 84' lang='lat' dir='ltr'>igitur</span> <span class='ocrx_word' id='word_1_116' title='bbox 800 2423 897 2498; x_wconf 81' lang='lat' dir='ltr'>porte</span> <span class='ocrx_word' id='word_1_117' title='bbox 915 2400 1052 2476; x_wconf 85' lang='lat' dir='ltr'>Boeoto·</span> 
     </span>
     <span class='ocr_line' id='line_1_21' title="bbox 265 2513 1051 2614; baseline -0.004 -23"><span class='ocrx_word' id='word_1_118' title='bbox 265 2541 342 2604; x_wconf 83' lang='lat' dir='ltr'>runt</span> <span class='ocrx_word' id='word_1_119' title='bbox 351 2518 518 2590; x_wconf 84' lang='lat' dir='ltr'>exereitus</span> <span class='ocrx_word' id='word_1_120' title='bbox 527 2514 702 2610; x_wconf 73' lang='lat' dir='ltr'>inpetatur</span> <span class='ocrx_word' id='word_1_121' title='bbox 712 2513 772 2599; x_wconf 87' lang='lat' dir='ltr'>ell,</span> <span class='ocrx_word' id='word_1_122' title='bbox 785 2517 870 2592; x_wconf 81' lang='lat' dir='ltr'>etad</span> <span class='ocrx_word' id='word_1_123' title='bbox 879 2541 967 2601; x_wconf 79' lang='lat' dir='ltr'>enm,</span> <span class='ocrx_word' id='word_1_124' title='bbox 976 2538 1051 2614; x_wconf 76' lang='lat' dir='ltr'>quat</span> 
     </span>
     <span class='ocr_line' id='line_1_22' title="bbox 264 2617 1052 2728; baseline -0.008 -24"><span class='ocrx_word' id='word_1_125' title='bbox 264 2629 448 2728; x_wconf 60' lang='lat' dir='ltr'>pugnabat}</span> <span class='ocrx_word' id='word_1_126' title='bbox 461 2627 629 2725; x_wconf 77' lang='lat' dir='ltr'>confugit.</span> <span class='ocrx_word' id='word_1_127' title='bbox 646 2627 821 2702; x_wconf 85' lang='lat' dir='ltr'>Dextrum</span> <span class='ocrx_word' id='word_1_128' title='bbox 835 2617 936 2714; x_wconf 47' lang='lat' dir='ltr'>tero}</span> <span class='ocrx_word' id='word_1_129' title='bbox 944 2629 980 2702; x_wconf 84' lang='lat' dir='ltr'>in</span> <span class='ocrx_word' id='word_1_130' title='bbox 992 2651 1052 2724; x_wconf 88' lang='lat' dir='ltr'>quo</span> 
     </span>
     <span class='ocr_line' id='line_1_23' title="bbox 265 2739 1051 2841; baseline -0.005 -23"><span class='ocrx_word' id='word_1_131' title='bbox 265 2745 323 2841; x_wconf 81' lang='lat' dir='ltr'>ipst</span> <span class='ocrx_word' id='word_1_132' title='bbox 337 2743 500 2834; x_wconf 68' lang='lat' dir='ltr'>Thebani</span> <span class='ocrx_word' id='word_1_133' title='bbox 515 2764 624 2840; x_wconf 72' lang='lat' dir='ltr'>erant,</span> <span class='ocrx_word' id='word_1_134' title='bbox 639 2739 864 2816; x_wconf 83' lang='lat' dir='ltr'>Athenienses</span> <span class='ocrx_word' id='word_1_135' title='bbox 882 2742 1051 2840; x_wconf 78' lang='lat' dir='ltr'>superarit</span> 
     </span>
     <span class='ocr_line' id='line_1_24' title="bbox 265 2853 1049 2954; baseline -0.005 -22"><span class='ocrx_word' id='word_1_136' title='bbox 265 2879 299 2932; x_wconf 89' lang='lat' dir='ltr'>et</span> <span class='ocrx_word' id='word_1_137' title='bbox 313 2881 390 2932; x_wconf 81' lang='lat' dir='ltr'>eum</span> <span class='ocrx_word' id='word_1_138' title='bbox 408 2856 569 2954; x_wconf 86' lang='lat' dir='ltr'>paulatim</span> <span class='ocrx_word' id='word_1_139' title='bbox 588 2854 667 2954; x_wconf 77' lang='lat' dir='ltr'>ipsos</span> <span class='ocrx_word' id='word_1_140' title='bbox 687 2853 896 2952; x_wconf 78' lang='lat' dir='ltr'>repuliffent,</span> <span class='ocrx_word' id='word_1_141' title='bbox 915 2858 1049 2953; x_wconf 85' lang='lat' dir='ltr'>primun</span> 
     </span>
     <span class='ocr_line' id='line_1_25' title="bbox 262 2966 1050 3066; baseline -0.008 -21"><span class='ocrx_word' id='word_1_142' title='bbox 262 2970 533 3066; x_wconf 82' lang='lat' dir='ltr'>inseqirebantur.</span> <span class='ocrx_word' id='word_1_143' title='bbox 544 2967 681 3043; x_wconf 83' lang='lat' dir='ltr'>Accidit</span> <span class='ocrx_word' id='word_1_144' title='bbox 690 2989 815 3053; x_wconf 86' lang='lat' dir='ltr'>autem,</span> <span class='ocrx_word' id='word_1_145' title='bbox 825 2990 877 3053; x_wconf 90' lang='lat' dir='ltr'>ut,</span> <span class='ocrx_word' id='word_1_146' title='bbox 889 2966 967 3044; x_wconf 75' lang='lat' dir='ltr'>eum</span> <span class='ocrx_word' id='word_1_147' title='bbox 974 2971 1050 3042; x_wconf 83' lang='lat' dir='ltr'>dnae</span> 
     </span>
     <span class='ocr_line' id='line_1_26' title="bbox 262 3079 1096 3178; baseline -0.006 -20"><span class='ocrx_word' id='word_1_148' title='bbox 262 3087 417 3176; x_wconf 87' lang='lat' dir='ltr'>equitum</span> <span class='ocrx_word' id='word_1_149' title='bbox 430 3087 560 3156; x_wconf 82' lang='lat' dir='ltr'>turniae</span> <span class='ocrx_word' id='word_1_150' title='bbox 579 3108 599 3154; x_wconf 85' lang='lat' dir='ltr'>a</span> <span class='ocrx_word' id='word_1_151' title='bbox 616 3079 777 3178; x_wconf 82' lang='lat' dir='ltr'>Pagondt</span> <span class='ocrx_word' id='word_1_152' title='bbox 794 3083 923 3158; x_wconf 86' lang='lat' dir='ltr'>circum</span> <span class='ocrx_word' id='word_1_153' title='bbox 942 3082 1048 3157; x_wconf 86' lang='lat' dir='ltr'>collem</span> <span class='ocrx_word' id='word_1_154' title='bbox 1095 3088 1096 3095; x_wconf 78' lang='grc'>’</span> 
     </span>
    </p>
   </div>
   <div class='ocr_carea' id='block_1_3' title="bbox 262 3192 1095 3315">
    <p class='ocr_par' dir='ltr' id='par_1_3' title="bbox 262 3192 1095 3315">
     <span class='ocr_line' id='line_1_27' title="bbox 262 3192 1095 3315; baseline 0.008 -49"><span class='ocrx_word' id='word_1_155' title='bbox 262 3195 347 3268; x_wconf 84' lang='lat' dir='ltr'>clam</span> <span class='ocrx_word' id='word_1_156' title='bbox 366 3192 604 3292; x_wconf 79' lang='lat' dir='ltr'>circummillae</span> <span class='ocrx_word' id='word_1_157' title='bbox 623 3192 761 3272; x_wconf 81' lang='lat' dir='ltr'>fuissent</span> <span class='ocrx_word' id='word_1_158' title='bbox 780 3193 882 3291; x_wconf 76' lang='lat' dir='ltr'>(cum</span> <span class='ocrx_word' id='word_1_159' title='bbox 900 3195 1047 3274; x_wconf 76' lang='lat' dir='ltr'>finistrun</span> <span class='ocrx_word' id='word_1_160' title='bbox 1094 3298 1095 3315; x_wconf 19' lang='grc' dir='ltr'><strong><em>Ν</em></strong></span> 
     </span>
    </p>
   </div>
   <div class='ocr_carea' id='block_1_4' title="bbox 0 0 1130 3659">
    <p class='ocr_par' dir='ltr' id='par_1_4' title="bbox 0 0 1130 3659">
     <span class='ocr_line' id='line_1_28' title="bbox 0 0 1130 3659; baseline 0 1"><span class='ocrx_word' id='word_1_161' title='bbox 0 0 1130 3659; x_wconf 95' lang='lat' dir='ltr'> </span> 
     </span>
    </p>
   </div>
   <div class='ocr_carea' id='block_1_5' title="bbox 930 3568 1093 3615">
    <p class='ocr_par' dir='ltr' id='par_1_5' title="bbox 930 3568 1093 3615">
     <span class='ocr_line' id='line_1_29' title="bbox 930 3568 1093 3615; baseline -0.006 1"><span class='ocrx_word' id='word_1_162' title='bbox 930 3583 935 3592; x_wconf 92' lang='grc'><strong><em>·</em></strong></span> <span class='ocrx_word' id='word_1_163' title='bbox 1087 3568 1093 3615; x_wconf 91' lang='lat' dir='ltr'>l</span> 
     </span>
    </p>
   </div>
  </div>
 </body>
</html>
