2250 3659
239 227 728 329 THUCYD.IV.124·.'
803 257 878 339 325.

77 362 221 455 triaque
229 360 352 433 collem
361 359 538 443 haberent,
549 358 585 434 in
595 386 654 461 quo
664 363 881 459 comederant,

77 476 238 572 planities
252 498 337 547 vero
350 471 437 545 inter
455 488 598 574 utraque
616 476 726 572 castra
737 476 882 577 ‘interja-¹

77 610 188 671 ceree,
202 588 333 682 equites
346 588 381 659 in
392 612 465 661 eam
474 590 704 673 decurrentes,
720 592 882 687 utrinque

78 705 228 800 primum
256 698 412 796 equestre
439 702 608 795 proelium
632 702 880 801 commiserunt,

77 817 221 890 Deinde
230 813 465 889 veroBrafidas
475 814 780 899 e'tPerdic'eus,cum
788 816 880 915 Lyn·

80 928 246 1016 cestarum
271 929 382 1023 gravis
400 950 589 1001 armaturae
607 928 729 1003 milites
748 954 827 1003 cum
844 956 880 1005 e·

79 1044 231 1139 quitibus
242 1067 285 1115 ex
285 1042 349 1147 stro
357 1042 444 1115 colle
454 1044 584 1138 priores
595 1041 829 1138 proeeffiffent‚
846 1066 881 1119 et

81 1160 124 1231 ad
143 1157 311 1252 proelium
328 1158 606 1242 committendum
625 1154 728 1229 effent
753 1158 880 1252 parati,

83 1294 118 1347 et
133 1270 192 1365 ipfi
204 1266 340 1346 viciffim
353 1268 427 1345 suas
440 1270 552 1365 copias
566 1268 722 1345 'adversus
741 1298 790 1343 eos
805 1296 882 1367 pro·

77 1381 263 1475 duxiffent,
277 1382 516 1471 conflixerunt,
536 1406 571 1457 et
584 1382 766 1480 Lyncestae
781 1385 881 1483 fuga·

81 1511 173 1573 runt.
191 1496 238 1569 Et
250 1499 375 1572 multos
388 1499 526 1593 quidem
541 1497 798 1584 interfecerunt,
810 1506 881 1575 cae·

81 1615 147 1689 teri
167 1638 250 1686 vero
269 1612 303 1685 in
323 1612 467 1700 editiora
484 1612 558 1688 loca
577 1609 792 1709 diffugientes
801 1668 817 1701 ‚,
832 1612 883 1689 ibi

77 1726 307 1824 quiescebant,
318 1740 351 1797 et
360 1727 404 1797 ab
416 1725 519 1799 armis
529 1724 754 1803 abstinebant.
762 1724 881 1801 Postea

78 1866 177 1924 vern,
188 1838 351 1935 Brastdas
360 1853 393 1910 et
401 1836 586 1914 Perdiccas
597 1842 707 1915 eredo
717 1842 882 1935 trophaeo

79 1956 224 2029 biduum
239 1955 431 2031 triduumve
450 1951 696 2035 substiterunt,
702 1955 882 2047 opperien-

72 2092 132 2146 tes
146 2068 299 2162 Illyrios,
318 2068 390 2161 qui,
410 2064 607 2139 aPerdicca
626 2066 781 2155 mercede
800 2091 881 2139 con-

78 2182 191 2264 dudi,
200 2181 333 2256 venturi
349 2200 454 2258 erant.
473 2175 613 2253 Deinde
622 2177 796 2261 Perdiccas
807 2202 881 2279 qur·

76 2296 151 2372 dem
161 2292 317 2370 adversus
327 2291 510 2369 Arrhrbaer
521 2318 625 2390 pagos
636 2294 808 2389 progredi
824 2318 881 2365 nu

75 2433 149 2503 que
159 2406 323 2483 snbfidere
332 2422 520 2507 tempusque
529 2422 633 2485 terere
643 2406 787 2481 volebat.
802 2406 882 2479 Bra·

78 2523 163 2595 fidas
180 2532 264 2597 'uero
282 2523 325 2593 de
344 2519 475 2593 Mende
496 2520 661 2605 solicitus,
681 2541 754 2593 tum
773 2544 837 2603 ue,
858 2521 883 2595 sr

76 2636 189 2733 prius,
204 2658 302 2734 quarn
315 2632 380 2731 ipse
393 2659 427 2705 eo
434 2632 637 2731 pervenrffet
657 2632 883 2707 Athenienses

69 2746 204 2831 infesta
218 2744 317 2821 classe
332 2746 410 2827 illuc
424 2744 636 2841 appuliffent‚
654 2748 801 2839 aliquam
817 2748 883 2819 cla·

74 2866 158 2937 dem
173 2862 356 2955 acciperet,
372 2882 445 2932 tum
459 2862 560 2933 etiam
573 2862 665 2953 quod
684 2858 840 2953 Illyrii
814 2884 883 2935 uon
930 2886 932 2894 ’

78 2973 241 3058 adeffent,
262 2998 331 3047 non
346 2976 397 3046 ad
401 2973 685 3075 progrediendum
703 2970 761 3043 sed
776 2976 818 3045 ad
833 2997 883 3077 te·

77 3089 306 3185 grediendum
321 3088 436 3186 potius
451 3108 524 3160 erat
538 3088 650 3160 animo
663 3106 808 3183 paratus.

435 3201 605 3302 X3.
