2250 3659
272 192 312 267 Τ
325 191 368 267 Η
381 190 421 267 U
435 190 510 265 ΟΥ
523 190 572 266 Ι).
587 190 650 269 IV.
671 182 762 290 129,
835 216 910 295 341'

103 308 221 422 nonen
237 320 400 405 reversus,
419 319 730 395 offendit'Mendcn
745 320 786 393 ab
801 318 914 398 Athess

106 434 277 508 nienfibus
285 438 356 534 jam
369 456 575 529 occupatam.
595 434 718 529 Ibique
732 434 914 520 subsidens,

106 545 321 621 inPallencn
335 550 471 643 quidem
482 570 622 642 propter
631 550 911 624 virium-imbecil-

104 663 240 735 litatem
253 666 295 734 ad
308 688 408 757 opem
423 662 578 733 Mendae
591 660 765 736 serendam
779 684 860 737 tunc
874 665 909 740 se

105 778 266 875 trajicere
286 802 356 848 non
371 772 462 870 poffe
476 776 637 847 ducebat:
666 775 723 848 sed
739 776 907 853 Toronen

104 890 271 984 praesidio
286 891 455 963 tuebatur.
480 888 574 961 Nam
583 888 644 961 sub
659 890 748 962 idem
763 911 906 986 tempus,

104 999 179 1099 quo
198 1028 250 1076 res
269 1006 359 1098 apud
377 1002 534 1099 Lyncum
552 1000 664 1097 gestae
682 1001 835 1088 fuerunt,
856 1004 907 1079 A·

105 1116 299 1209 thenienses
312 1118 464 1191 navalem
481 1118 732 1211 expeditionem
751 1120 906 1192 adversus

104 1230 262 1303 Menden
277 1251 312 1304 et
331 1232 475 1303 Scionen
495 1230 725 1324 susceperunt,
745 1233 906 1327 adquam

103 1343 141 1417 se
157 1346 250 1438 ptius
264 1345 494 1441 accingebant,
505 1369 582 1416 cum
592 1344 904 1441 quinquagintano-

104 1458 217 1554 yibns,
230 1454 376 1552 quarum
394 1460 511 1532 decem
525 1478 620 1531 erant
639 1456 758 1541 Chiae,
779 1479 905 1535 etcum

102 1571 198 1645 mille
211 1574 323 1667 gratis
337 1592 524 1645 armaturae
534 1571 696 1644 militibus
709 1574 752 1645 de
766 1569 832 1645 suis
846 1600 905 1669 po·

101 1686 290 1780 pnlaribus,
313 1706 348 1758 et
363 1684 527 1759 sexcentis
541 1683 730 1780 sagittariis,
752 1708 786 1759 et
810 1690 904 1763 mille
960 1772 964 1779 ,

101 1791 301 1871 Thracibus
315 1802 471 1873 mercede
483 1798 665 1883 conduslis,
680 1800 819 1895 aliisque
834 1804 903 1895 pel·

102 1915 193 1998 tatis,
213 1939 298 2009 quos
312 1902 404 1986 illinc
419 1938 462 1986 ex
481 1912 546 1984 suis
565 1912 660 1984 sociis
678 1914 896 2008 collegerant.

100 2026 303 2101 Illisa-utem
317 2047 471 2122 praeerat
484 2026 603 2098 Nicias
613 2026 781 2110 Nicerati,
792 2048 826 2100 et
835 2028 873 2099 N
876 2031 901 2101 i-

99 2139 264 2214 costratus
283 2139 608 2237 Diottephisfilius.
641 2140 730 2217 Cum
749 2162 861 2215 autem
880 2168 899 2214 a

98 2248 260 2329 Potidaea
281 2250 359 2327 cum
378 2252 477 2327 claffe
498 2244 684 2339 solvissent,
705 2275 740 2327 et
763 2258 805 2327 ad
827 2282 899 2329 eam

99 2390 231 2463 partem
245 2364 457 2464 appulissent,
472 2368 531 2439 ubi
546 2364 618 2440 etat
636 2366 793 2461 Neptuni
814 2391 897 2443 tem·

97 2482 213 2576 plum,
242 2482 398 2555 adversus
425 2482 613 2555 Mendaeos
640 2484 898 2557 contenderunt.

95 2595 164 2690 Ipfi
178 2618 290 2668 antem
305 2590 487 2680 Mandaei,
514 2614 549 2667 et
571 2594 809 2668 Scionaeorunt
831 2618 898 2670 tre·

98 2712 201 2793 centi,
217 2712 276 2804 qui
291 2708 590 2803 ll‘sendoeisopem
605 2708 765 2792 tulerant,
786 2730 820 2781 et
833 2708 896 2783 Pe·

95 2820 368 2917 loponneliorum
375 2823 541 2895 auxiliarii
550 2823 745 2917 milites,qui
754 2824 898 2896 universi

96 2958 194 3010 orant
208 2936 412 3032 septingenti
434 2938 545 3031 gravis
558 2958 746 3009 armaturae
760 2936 895 3021 milites,

96 3070 132 3123 et
146 3049 380 3145 Polydamidas
394 3050 543 3145 ipsorum
560 3052 644 3133 dun,
664 3072 758 3123 extra
777 3050 897 3123 urbem

94 3164 130 3235 in
145 3164 232 3238 colle
247 3184 366 3238 natura
381 3165 515 3239 munito
529 3162 634 3237 castra
649 3163 838 3262 posuerant.
852 3164 898 3251 Et

463 3276 543 3381 ἵε
