2250 3659
100 272 919 392 THUCYDIDIS

93 574 98 581 .
209 518 801 631 ononrurtrt
1009 430 1012 436 Ι

130 741 864 876 flrsTORIAE

269 976 439 1035 cisun
471 973 751 1051 Quassus.

92 1202 360 1306 SEQUEN
374 1204 456 1279 ΤΕ
474 1230 574 1288 vere,
602 1228 680 1277 cum
699 1203 830 1301 segetes
843 1204 859 1303 j

98 1322 208 1418 spicas
229 1322 388 1398 emittere
406 1322 609 1416 inciperent,
630 1321 749 1393 decem
769 1324 917 1416 Syracu·

99 1434 264 1510 sanorum
276 1459 391 1520 naves,
413 1456 447 1508 et
468 1436 611 1524 totidem
627 1432 821 1507 Locrorum
835 1461 917 1531 pro·

99 1548 222 1635 fectae,
238 1546 440 1634 Messanam,
455 1574 544 1645 quae
559 1546 608 1622 est
623 1547 658 1620 in
673 1548 799 1633 Sicilia,
816 1575 918 1623 occu·

98 1686 244 1764 parunt,
259 1665 302 1737 ab
316 1665 391 1760 ipfis
405 1662 584 1763 oppidanis
597 1665 735 1740 accitae.
762 1662 810 1737 Et
824 1664 918 1739 Mes·

92 1780 180 1853 ,sana
194 1780 238 1851 ab
253 1778 518 1853 Athenieufibus
526 1777 671 1853 defecit.
699 1777 783 1853 Hoc
802 1801 918 1853 autem

96 1893 307 1991 potiffimum
334 1892 493 1967 fecerunt
522 1892 723 1990 Syracusani
755 1895 916 1990 quidem,

95 2012 199 2107 quod
213 2010 382 2093 viderent,
403 2010 438 2081 id
452 2008 617 2103 oppidum
636 2010 679 2083 ad
693 2008 917 2082 invadendam

96 2124 255 2199 Siciliam
274 2144 507 2219 opportunum
526 2120 612 2207 effe,
633 2113 672 2197 et
688 2122 917 2197 Athenienses

98 2258 312 2323 metuerent,
335 2264 379 2311 ne
400 2238 494 2311 illinc
510 2252 548 2309 ut
562 2264 604 2332 ex
619 2236 783 2336 bellisede
797 2264 917 2311 excur-

91 2375 232 2445 rentes,
248 2354 367 2451 majori
380 2366 545 2447 apparatu
561 2352 595 2425 se
610 2353 827 2426 invaderent:
847 2352 917 2425 Lo·

98 2470 262 2551 cri'v'ero,
277 2484 419 2563 propter
428 2468 558 2550 odium,
569 2492 640 2562 quo
649 2467 829 2563 Rheginos
839 2494 917 2563 pro·

88 2582 432 2679 ,sequebantumquia
449 2606 506 2655 eos
521 2582 697 2679 utrinque,
708 2597 802 2655 terra
811 2582 916 2657 mari·

96 2725 180 2799 que,
197 2697 292 2781 bello
310 2720 467 2791 premere
489 2696 660 2769 volebant.
687 2696 918 2771 simulantem
1072 2731 1076 2737 ·

98 2811 210 2885 Locri
226 2835 304 2883 cum
317 2809 557 2906 frequentibus
572 2810 678 2907 copiis
694 2812 728 2883 in
739 2812 917 2907 Rhegino-

99 2952 181 2999 rum
196 2950 318 3021 agrum
333 2921 560 3021 irruptionem
576 2924 747 3009 fecerunt,
763 2950 808 2999 ne
822 2924 916 2999 Rhe·

93 3040 177 3143 gini
190 3036 369 3113 Messeniis
385 3038 551 3112 auxilium
566 3039 717 3114 ferrent:
737 3040 832 3120 fimul
851 3042 917 3115 eti·

100 3180 156 3233 am
169 3156 300 3233 inducti
309 3155 358 3230 ab
368 3153 540 3231 exsulibus
550 3155 734 3253 Rheginis,
748 3156 810 3253 qui
824 3156 916 3254 apud
