2250 3659
205 260 258 321 ro
382 233 837 337 munerama-

201 372 424 471 lapidumque
438 370 631 465 oopiam,et
644 367 759 442 locum
772 380 894 443 natura
908 372 1023 450 muni·

202 510 278 571 tunt
292 484 372 572 effe,
384 507 419 560 et
434 506 512 558 cum
527 484 732 581 ipsum,tum
742 488 844 557 etiam
854 513 1019 585 magnum

199 602 294 677 illiua
308 604 382 699 agri
399 602 542 687 tracium
551 599 771 676 circumcirca
781 599 953 677 desertum
967 606 1019 680 es.-

200 718 246 793 [ε.
275 716 380 814 Pylos
395 715 486 793 anim
501 740 520 789 a
535 715 656 810 Sparta
674 712 775 788 distat
793 714 897 791 stadia
915 721 1019 793 circi·

199 852 254 907 ter
268 834 531 930 quadringenta,
546 846 581 903 et
594 829 653 901 fita
668 828 716 902 est
731 831 768 902 in
783 856 825 903 eo
839 856 937 929 agro,
951 838 1017 930 qui

200 948 284 1023 olim
304 966 377 1021 erat
396 943 599 1029 messenius,
628 967 733 1038 quern
751 942 1017 1028 Lacedaemonii

124 1081 125 1095 ¹
201 1057 1016 1160 Coryphafioonocant.Illiverodicebant,mul·

198 1198 234 1252 ta
249 1177 315 1252 effe
329 1174 552 1272 Peloponnesi
571 1176 806 1270 promontoria
825 1174 969 1263 deserta,
988 1180 1016 1253 n

197 1294 233 1367 in
249 1295 290 1365 iis
304 1293 510 1387 occupandis
524 1292 697 1363 civitatem
716 1291 901 1365 exhaurire
915 1295 1009 1369 velit.

197 1407 383 1482 Caeterum
398 1399 662 1490 huic-locusistc
672 1405 777 1501 longe
786 1410 1011 1495 commodior,

195 1548 300 1620 quam
314 1522 406 1595 ullus
421 1522 520 1605 allon,
535 1516 603 1595 effe
618 1518 810 1607 videbatur,
827 1543 901 1595 tum
915 1528 1012 1619 quod

195 1640 229 1712 ei
244 1658 365 1733 portus
378 1639 559 1735 adjaceret,
570 1656 644 1707 tum
658 1635 761 1707 etiarn
774 1638 868 1731 quod
882 1638 1011 1713 Mene·

195 1753 333 1849 nii,·qui
349 1753 431 1825 oiim
451 1752 656 1847 cognatione
675 1773 754 1822 cum
768 1749 861 1825 illius
874 1753 941 1833 loci
956 1752 1011 1830 in-

196 1864 281 1953 ¹colis
295 1866 465 1967 conjundti
480 1865 633 1948 fuerant,
653 1885 689 1936 et
708 1867 838 1952 eadem,
858 1894 926 1963 qna
940 1867 1012 1943 La·

194 1983 418 2073 cedaemonii,
430 1983 548 2077 lingua
562 1979 760 2067 utebantur,
776 1978 872 2054 illinc
885 1988 1010 2078 prodo-

194 2118 296 2189 untes
310 2098 456 2194 plurima
471 2099 592 2173 damna
602 2086 879 2173 Lacedaemoniis
893 2101 1010 2173 daturi

192 2206 314 2298 efferat,
330 2212 426 2286 fimui
447 2212 550 2286 etiam
568 2207 661 2284 illius
679 2209 748 2285 luci
762 2211 881 2287 fideles
893 2211 1010 2287 custo·

190 2330 251 2426 des
266 2326 378 2401 futuri
393 2324 508 2402 effent.

246 2469 287 2540 4.
316 2436 383 2517 Sed
398 2463 476 2527 cum
491 2465 604 2539 neque
618 2444 774 2528 ducibus,
788 2467 903 2538 neque
917 2444 1008 2521 mili·

101 2548 106 2558 ’
191 2558 283 2637 tibus
303 2581 376 2632 rem
395 2556 600 2655 persuadere
619 2556 750 2655 poffet,
780 2583 883 2654 quarn
902 2560 1008 2633 etiam

190 2672 307 2776 postea
330 2698 409 2747 cum
428 2674 502 2769 ipfis
522 2672 700 2770 pruefcdis
718 2674 1007 2760 communicarat,

116 2832 121 2841 ·
188 2810 332 2887 propter
345 2790 528 2885 navigandi
543 2787 779 2863 difficultatem
792 2789 1006 2884 quierindo·

188 2904 254 2999 nec
269 2903 356 2999 ipsos
371 2904 495 2981 milites
510 2905 620 2977 otium
634 2924 786 3001 agentes,
801 2928 846 2977 ex
860 2923 1005 2977 conten·

190 3020 285 3097 tione
299 3020 390 3098 inter
405 3044 463 3093 eos
478 3040 567 3104 orta,
587 3019 654 3092 lo‘ci
675 3019 850 3092 muniendi
870 3020 1005 3113 cupidi·

178 3152 248 3207 -tas-
261 3135 387 3213 inuasit.
426 3134 550 3230 Itaque
570 3150 687 3208 manus
707 3137 750 3207 ad-
767 3158 855 3230 opus
874 3124 1005 3207 facien·
